3759 5784
378 682 442 748 168
819 696 1073 744 30331333333331

377 834 524 896 mostrosi
548 832 627 896 {aior
650 826 715 893 cosi
736 829 908 911 sumente?
943 826 992 893 Ne
1016 846 1112 893 menn
1136 826 1154 892 ὲ
1177 847 1253 894 cosa
1277 828 1447 911 leggiadra
1465 786 1512 891 'in

373 951 499 1032 quello:
518 966 614 1030 sopra
635 950 740 1013 sortiri
763 968 778 1012 e
801 965 913 1012 rorone
935 947 1025 1011 oizor
1048 948 1079 1012 13
1101 965 1219 1029 nonno,

466 1068 510 1133 st.
539 1067 585 1131 XI
607 1084 654 1129 eo.
693 1066 818 1144 Questo
848 1064 991 1129 oonoiiio
1025 1064 1058 1127 di
1093 1063 1224 1129 Diavoii
1251 1063 1296 1126 roi
1333 1080 1390 1144 par
1425 1067 1515 1126 turio

375 1185 566 1257 nouissimo,
590 1200 608 1245 e
632 1178 757 1246 benohe
781 1199 844 1244 nnn
869 1182 1003 1245 aviamn
1027 1181 1079 1244 nei
1103 1181 1242 1244 Furioso
1273 1181 1315 1243 da
1346 1178 1420 1243 farri
1450 1196 1513 1260 pa·

374 1302 499 1373 raiieio,
524 1300 689 1383 possiamo
713 1299 914 1364 nondimeno
939 1300 1052 1381 legger
1074 1298 1184 1380 quello
1207 1297 1292 1360 delle
1316 1298 1395 1360 Fare
1416 1303 1513 1377 posto

375 1420 425 1483 nei
452 1419 558 1499 primo
581 1417 762 1498 do’oinque
790 1419 879 1480 canti
910 1416 1084 1499 aggiunti‚
1109 1417 1193 1481 dove
1220 1416 1291 1480 loro
1324 1432 1448 1479 ancora
1484 1419 1511 1477 si

374 1554 556 1619 preparano
579 1536 645 1599 3113
674 1536 792 1600 rovina
821 1535 896 1598 deli’
911 1536 1051 1616 imperio
1085 1534 1119 1598 di
1155 1534 1318 1607 Francia;
1353 1533 1377 1597 ii
1412 1533 1511 1614 quoio

373 1650 498 1718 benene
510 1671 574 1718 non
587 1655 636 1740 sie
648 1652 681 1716 di
696 1653 866 1717 ioouzione
881 1648 950 1716 cosi
967 1652 1070 1727 onita,
1093 1670 1187 1717 como
1210 1658 1340 1733 questo,
1365 1652 1513 1717 33113111-

373 1791 469 1837 meno
487 1773 520 1836 in
540 1773 624 1837 aure
649 1775 733 1853 parti
757 1772 908 1836 i'eooede
932 1773 965 1836 di
990 1789 1072 1853 gran
1097 1774 1214 1853 ionga,
1237 1789 1332 1836 oome
1350 1772 1384 1836 in
1405 1772 1512 1853 perii·

372 1891 483 1955 coiere
506 1908 564 1973 per
585 1890 731 1955 I'nrrivo
750 1891 783 1953 di
801 1907 872 1954 esso
896 1892 975 1955 Fare
999 1907 1017 1952 e
1041 1908 1098 1971 por
1122 1890 1154 1953 13
1179 1890 1328 1954 maniern
1350 1889 1403 1953 dei
1427 1906 1511 1953 oon-

373 2008 465 2073 nursi
488 2007 520 2071 31
543 2008 695 2091 collegio,
717 2026 735 2071 e
758 2004 827 2071 oosi
851 2025 975 2072 ancora
1000 2026 1056 2090 per
1080 2008 1100 2070 1’
1114 2008 1308 2072 inventione
1330 2006 1392 2071 ohe
1414 2013 1511 2072 irova

372 2126 512 2201 Aioina,
536 2132 661 2189 mentre
685 2126 709 2189 s'
723 2128 944 2207 appareo-chia
967 2126 1034 2190 3113
1057 2127 1289 2201 desiruzione,
1311 2118 1468 2189 andnndo
1492 2143 1512 2189 3

373 2254 485 2308 trover
517 2243 537 2307 1’
550 2244 679 2308 invidia
702 2261 720 2307 e
744 2244 797 2324 poi
820 2243 843 2307 ii
868 2244 1028 2325 Sospetto
1062 2250 1154 2308 lanio
1188 2244 1432 2308 mirabiimenie
1452 2245 1511 2308 de·

373 2364 490 2428 scritti.
509 2363 627 2441 Qneiio
650 2364 702 2444 poi
726 2363 788 2426 ohe
811 2364 854 2427 mi
879 2364 1024 2444 dispiaoe
1040 2365 1127 2428 assai
1146 2365 1180 2427 in
1200 2369 1316 2444 questa
1343 2362 1510 2427 diabolica

373 2485 516 2564 impresa
540 2480 558 2546 ὲ
580 2483 604 2545 11
628 2484 747 2546 vedere
769 2500 863 2547 corno
886 2484 973 2546 maie
999 2485 1006 2544 i
1032 2484 1195 2565 progressi
1221 2483 1343 2546 vadino
1379 2483 1513 2563 rispon·

371 2600 479 2666 dendo
497 2602 539 2665 ad
558 2619 603 2664 un
626 2592 695 2665 oo'si
720 2601 843 2684 grande
867 2609 1041 2684 apparato,
1066 2603 1117 2665 nei
1140 2603 1237 2682 quale
1262 2607 1349 2666 tutta
1374 2600 1406 2664 13
1431 2617 1509 2682 reg·

373 2720 428 2801 gio
462 2718 495 2781 di
527 2719 666 2784 rrurone
700 2721 727 2783 si
763 2724 863 2784 mette
898 2704 931 2782 in
967 2720 1082 2783 ordine
1107 2737 1163 2799 per
1187 2718 1381 2784 mnoohinar
1409 2736 1509 2800 snpra

374 2837 536 2900 i’eseroiio
550 2837 719 2912 cristiano,
733 2855 785 2901 ma
803 2838 909 2903 riensi
927 2837 1075 2901 vedendo
1090 2838 1152 2901 ohe
1168 2855 1233 2901 nnn
1249 2838 1348 2901 fanno
1364 2842 1416 2900 tro
1433 2840 1512 2902 tuiti

374 2956 406 3020 13
425 2957 553 3020 decima
575 2962 666 3037 parte
689 2958 721 3020 di
744 2956 854 3037 queilo
876 2958 938 3021 ohe
961 2957 991 3020 13
1017 2957 1050 3019 13
1074 2956 1144 3021 sola
1161 2955 1334 3020 Discordia
1352 2972 1511 3038 appresso

373 3073 395 3136 1’
406 3075 667 3149 Ariosto;·anzi
705 3094 769 3138 non
806 3075 895 3139 saria
929 3076 1061 3150 hastata
1085 3074 1118 3136 13
1141 3073 1307 3138 diabolica
1329 3073 1459 3137 asiuzia
1492 3091 1513 3136 3

368 3195 570 3258 emembrare
593 3195 613 3257 1’
626 3196 765 3259 eseroito
789 3194 890 3258 fedeie
909 3194 941 3257 di
961 3194 1063 3275 quelli
1083 3194 1145 3257 ohe
1164 3194 1342 3275 seguirono
1358 3194 1511 3267 Armida,

372 3330 407 3375 se
423 3313 443 3375 ii
464 3314 575 3390 Poeta,
598 3319 714 3378 contro
736 3315 814 3396 ogni
831 3314 962 3387 decoro,
981 3331 1047 3377 non
1071 3315 1099 3378 si
1123 3312 1208 3377 fosse
1230 3312 1370 3376 risoluto
1388 3312 1422 3384 di
1439 3311 1509 3375 ior·

375 3450 466 3497 more
489 3434 563 3515 qne’
579 3436 652 3499 suoi
671 3434 900 3498 errenturieri
924 3434 993 3498 eroi
1020 3429 1077 3515 piri
1100 3433 1161 3499 viii
1184 3434 1225 3497 ed
1249 3431 1430 3496 effeminati
1450 3430 1513 3495 ohe

375 3566 419 3612 un
444 3551 568 3615 branoo
592 3551 623 3613 di
649 3551 780 3633 cagnoli
803 3550 910 3614 dietro
934 3550 964 3613 13
989 3568 1096 3632 oegna
1118 3549 1180 3614 ohe
1204 3549 1430 3625 vninsn1103
1456 3568 1511 3613 rna

374 3668 439 3731 tale
456 3685 520 3732 non
546 3668 582 3732 fu
607 3664 660 3750 gin
678 3670 817 3750 bisogno
836 3670 867 3732 di
888 3669 1014 3733 former
1029 3670 1236 3733 Rodomonte
1257 3686 1314 3749 per
1329 3669 1512 3734 rimorerio

375 3785 588 3850 daii’asseiio
611 3786 645 3849 di
670 3787 804 3868 Parioi,
827 3804 884 3867 per
908 3788 1080 3868 riouporar
1103 3788 1135 3849 ia
1159 3804 1220 3850 sna
1243 3786 1353 3850 donna
1381 3785 1511 3869 tollagii

374 3904 415 3966 da
444 3903 702 3979 Mandrioardo‚
725 3922 742 3968 e
768 3922 824 3985 per
848 3905 974 3969 levario
998 3907 1050 3985 poi
1076 3905 1268 3969 iotaimente
1302 3904 1357 3968 dai
1392 3921 1512 3987 eampo

373 4021 521 4085 africano
546 4040 602 4103 per
625 4024 752 4088 vedersi
776 4024 863 4087 delia
897 4025 1077 4088 medesima
1112 4026 1230 4106 privo,
1254 4042 1276 4087 e
1296 4030 1511 4106 greremenie

373 4141 532 4222 sdegnato
554 4147 670 4205 oontro
693 4142 717 4206 il
740 4159 801 4207 suo
825 4160 860 4205 re
884 4161 939 4223 per
962 4142 1049 4206 33131
1073 4159 1192 4206 causa„
1215 4141 1291 4206 Aila
1313 4141 1370 4206 oui
1395 4141 1511 4205 imira-

372 4260 466 4323 zione
489 4259 515 4322 si
541 4264 633 4339 parre
656 4259 761 4323 anche
786 4260 837 4340 noi
861 4260 1004 4323 Rinnldo
1037 4261 1197 4341 sdegnato
1232 4259 1285 4323 ool
1320 4259 1511 4324 mendicare

374 4378 393 4440 i’
405 4378 582 4442 occasione
604 4378 681 4440 dail’
696 4379 861 4442 insolenza
895 4379 926 4443 di
963 4379 1161 4454 Gernnndo,
1184 4380 1208 4442 11
1232 4378 1331 4459 quoio
1355 4394 1396 4441 ne
1421 4381 1510 4442 resta

372 4496 477 4559 anche
496 4495 620 4567 urciso.
642 4512 696 4557 ma
721 4512 785 4558 non
809 4513 870 4559 oon
895 4496 1005 4560 danno
1025 4494 1098 4559 deli'
1111 4496 1253 4559 eseroiio
1272 4494 1343 4575 peri
1364 4510 1384 4556 3
1401 4493 1512 4575 quello

372 4614 433 4676 nire
453 4610 591 4695 apporto
615 4613 646 4677 13
673 4620 777 4677 morte
801 4614 835 4678 di
859 4614 1106 4688 Mandricardo
1130 4632 1149 4676 e
1172 4613 1248 4676 neii'
1263 4614 1382 4677 istesso
1398 4618 1508 4693 tempo

374 4733 403 4794 le
427 4733 557 4797 mortali
582 4733 676 4797 ferire
699 4733 731 4795 di
758 4734 935 4816 Ruggiero.
