3759 5784
752 704 877 750 scntssn
902 705 942 749 us
968 704 998 747 v.
1024 688 1154 749 vtvts'xt.
1457 688 1524 755 375

478 836 603 900 Veneris
628 836 746 917 spdtss,
772 852 809 899 ac
833 838 927 899 etiam
952 834 1105 900 Mercurii
1142 837 1249 899 corias
1289 836 1395 901 Lunae
1425 838 1522 918 [acies

380 955 544 1030 aemulari,
567 972 604 1017 ac
628 964 800 1036 utrumque
823 954 861 1017 ob
884 951 917 1016 id
935 953 1065 1035 proprie
1087 962 1176 1017 motu
1198 954 1238 1017 ab
1262 970 1376 1019 occasu
1401 956 1522 1037 pariter

381 1076 413 1136 in
436 1083 564 1146 crtum,
586 1073 683 1137 celati
706 1072 816 1146 Mars,
840 1072 996 1153 luppiter,
1018 1089 1056 1135 ac
1079 1068 1266 1149 Saturnus,
1290 1070 1373 1137 Solis
1397 1075 1522 1152 plebum

380 1193 557 1268 circumire,
581 1203 648 1256 tuto
673 1192 876 1256 Astranomos
900 1162 1016 1255 docuit.

471 1309 669 1376 Altissimum
690 1312 891 1393 planetarum
927 1314 962 1373 in
997 1312 1094 1374 uariis
1129 1321 1202 1374 cum
1236 1307 1309 1375 Sole
1343 1312 1521 1393 aspectibus

382 1433 555 1511 terpemina
577 1434 684 1513 specie,
708 1430 799 1494 modo
821 1430 1005 1502 rotundum,
1028 1430 1119 1494 modo
1140 1420 1322 1509 oblonpum,
1345 1430 1436 1493 modo
1458 1449 1520 1493 cn-

380 1562 508 1623 sotum,-
531 1541 729 1631 Martemquc
750 1549 940 1629 Peripaestm
964 1552 997 1613 in
1022 1550 1229 1631 quadraturis
1253 1568 1325 1613 cum
1350 1547 1421 1613 Sole
1440 1569 1526 1613 non··

380 1668 458 1732 nibil
479 1670 625 1733 mutilum
649 1658 909 1751 apparamento
933 1670 1011 1733 alios
1036 1669 1213 1733 admonuit.

467 1786 654 1851 Inerrantes
676 1787 796 1862 stellas,
819 1805 899 1871 quas
933 1804 1067 1851 numero
1088 1789 1253 1868 pauciores
1278 1794 1432 1851 noverant
1452 1791 1521 1869 pri-

376 1909 431 1980 sci,
454 1924 491 1970 cc
513 1906 608 1970 ueluti
630 1906 732 1970 clauos
757 1906 851 1970 unico
874 1906 1030 1987 solideque
1057 1903 1136 1971 Orbi
1159 1910 1252 1989 picas,
1276 1908 1370 1987 quasi
1402 1910 1518 1980 aucit,

376 2025 451 2088 dum
476 2042 594 2098 necas,
617 2034 646 2087 et
668 2031 743 2087 ante
765 2030 796 2087 be
820 2042 987 2103 nunquam
1022 2025 1185 2100 uisas,'in
1213 2022 1342 2087 Orioms
1365 2043 1461 2094 ense.
1483 2028 1518 2087 in

378 2142 570 2225 Plep‘odibus.
593 2146 628 2206 in
652 2143 838 2217 Nebulosis,
866 2146 902 2208 in
931 2140 1042 2207 Lactee
1073 2142 1223 2218 circulo,
1246 2151 1274 2206 et
1306 2143 1445 2226 undique
1464 2161 1520 2225 per

377 2263 526 2340 Caelum,
561 2264 699 2339 detumit,
722 2273 751 2327 ct
774 2264 816 2327 ad
840 2261 899 2326 Dei
922 2264 1181 2344 omnipotentiam
1215 2267 1316 2342 mcpe’s
1352 2264 1513 2345 mapisque

374 2382 611 2457 declarandam,
634 2384 775 2466 infinitas
799 2383 896 2445 ueluti
921 2382 1082 2463 lampadas
1105 2391 1254 2462 perpetue
1273 2382 1436 2455 ardentes,
1460 2399 1517 2462 per
1627 2443 1629 2457 ,

377 2502 533 2567 immensa
553 2501 727 2584 tluidorum
752 2501 914 2566 Coelorum
930 2503 1034 2584 spatia
1053 2499 1193 2565 localiter
1209 2499 1390 2577 immobiles,
1406 2498 1519 2588 sed-ad

376 2621 479 2685 instar
503 2617 607 2697 Solis,
627 2622 714 2685 circa
734 2623 866 2702 propria
896 2630 1005 2684 centra
1033 2620 1238 2691 revolubiles,
1275 2619 1316 2684 od
1346 2620 1515 2700 primarios

374 2747 401 2801 et
423 2737 626 2802 secundarios
646 2742 848 2820 propriorum
862 2718 1089 2819 'systematum
1111 2740 1252 2817 planetas
1287 2738 1512 2821 vivificandos.

375 2867 508 2930 creatas,
527 2858 701 2921 arbitratus
725 2865 780 2920 est.

465 2976 553 3040 dacis
583 2974 738 3041 Satellites
768 2975 895 3042 Patauii
924 2977 989 3041 VII
1015 2977 1092 3041 Idus
1126 2978 1278 3042 tenuare·
1305 2981 1387 3042 anni
1411 2978 1517 3051 1610,
1586 2984 1592 2996 ’

373 3104 446 3159 ante
468 3114 574 3159 omnes
596 3098 745 3177 primum,
769 3107 888 3179 etpost
912 3108 973 3162 tres
999 3099 1216 3163 tantummodo
1239 3099 1469 3162 obseruationes
1497 3118 1516 3159 a

373 3232 404 3278 se
417 3221 573 3296 peractas,
592 3214 732 3287 detectos,
748 3223 917 3296 perpetuae
934 3214 1248 3281 Mdotcssottttm
1267 3212 1515 3279 olibastrum

372 3333 492 3414 plenae
515 3332 630 3398 dicauit
643 3351 655 3406 ,·
676 3351 811 3415 quorum
835 3336 1072 3398 concitatissimi
1095 3345 1198 3398 motus
1233 3342 1371 3414 aspectu,
1388 3332 1516 3412 jamdiu
1624 3376 1632 3395 .

371 3453 498 3531 trustra
520 3453 699 3534 quaesitum
718 3454 879 3534 problema
911 3452 948 3515 dc
975 3452 1114 3516 locorum
1134 3451 1402 3528 Lonpitudim‘bus
1421 3434 1516 3513 noclu

372 3569 545 3650 captandis,
557 3571 738 3653 proposuit:
748 3572 794 3633 ito
806 3578 841 3633 ut
855 3574 943 3633 nocis
961 3554 1058 3634 GEN
1060 3567 1089 3631 T
1086 3568 1131 3633 ts
1149 3565 1391 3632 Mentores
1403 3570 1513 3648 auspi·

373 3689 426 3751 ciis
447 3683 647 3769 Geoprapbia
669 3697 699 3751 et
720 3687 934 3769 idroprapbia
957 3689 1087 3768 corripi,
1105 3690 1245 3761 restitui,
1267 3705 1305 3750 ac
1327 3687 1434 3767 perfici
1455 3686 1514 3747 da-

373 3815 441 3868 tam
464 3808 528 3877 sit:
550 3806 625 3870 dum
650 3805 865 3870 Medicearum
890 3804 1063 3870 Stellarum
1088 3816 1190 3871 motus
1218 3805 1399 3887 periodicos,
1423 3815 1452 3868 et
1475 3807 1515 3867 ab
1596 3823 1599 3832 ·

370 3924 446 3989 doce
481 3925 670 3999 distantias,
695 3927 835 4007 improbo
859 3928 980 3989 trienni
1003 3924 1106 3989 labore
1129 3935 1317 3998 assecutus,
1341 3924 1383 3986 od
1405 3940 1517 3987 earum

372 4044 517 4107 citissime
533 4045 683 4108 obeuntes
699 4054 843 4124 aspectus
856 4045 1145 4124 praenunciandes.
1162 4029 1307 4106 Canones
1326 4052 1355 4105 et
1378 4039 1515 4106 Tabulas

370 4162 526 4245 coniecite
547 4163 720 4245 spretisque
743 4163 938 4246 amplissimis
958 4166 1105 4245 praemiis
1128 4165 1184 4236 iis,
1207 4164 1263 4244 qui
1288 4170 1414 4227 tantum
1436 4178 1512 4243 prc-

372 4282 469 4345 blema
491 4282 674 4356 enodarunt,
695 4284 880 4363 promissis,
900 4284 1047 4364 proprias
1072 4284 1167 4346 ctiam
1197 4278 1375 4357 Tbeoricas,
1408 4279 1514 4344 Tabu-

372 4399 416 4463 las
434 4394 462 4463 ‘et
479 4398 720 4481 premeridas,
740 4403 883 4482 proprios
906 4404 1021 4483 eptieos
1041 4401 1146 4475 tubos,
1167 4401 1393 4481 propriumque
1411 4396 1516 4463 Horo-

367 4520 484 4599 lopium
510 4516 743 4585 Oscillatoeium
766 4538 787 4585 a
810 4539 842 4584 se
861 4521 932 4601 pom
955 4539 975 4585 a
995 4519 1143 4602 pluribus
1166 4522 1261 4584 annis
1288 4518 1372 4581 Pisis
1389 4520 1516 4598 excopi-

373 4647 496 4712 tatum,
519 4656 557 4704 ac
580 4642 710 4721 insuper
739 4640 824 4705 Viros
847 4642 961 4704 borum
984 4642 1268 4704 instrumentorum
1293 4655 1389 4703 usum
1417 4637 1515 4718 probe

371 4759 536 4831 collentes,
561 4775 646 4822 aeine
676 4758 785 4844 tcto,
823 4756 980 4823 Catbolieo
1013 4759 1153 4839 primam
1183 4755 1264 4836 Repi
1293 4750 1517 4818 PHILIPPO
1627 4777 1629 4780 ·
