<?xml version="1.0" encoding="UTF-8"?>
<!DOCTYPE html PUBLIC "-//W3C//DTD XHTML 1.0 Transitional//EN"
    "http://www.w3.org/TR/xhtml1/DTD/xhtml1-transitional.dtd">
<html xmlns="http://www.w3.org/1999/xhtml" xml:lang="en" lang="en">
 <head>
  <title>
</title>
<meta http-equiv="Content-Type" content="text/html;charset=utf-8" />
  <meta name='ocr-system' content='tesseract 3.04.00' />
  <meta name='ocr-capabilities' content='ocr_page ocr_carea ocr_par ocr_line ocrx_word'/>
</head>
<body>
  <div class='ocr_page' id='page_1' title='image "./leoperedigalile01galigoog_0395.png"; bbox 0 0 3759 5784; ppageno 0'>
   <div class='ocr_carea' id='block_1_1' title="bbox 437 667 1145 735">
    <p class='ocr_par' dir='ltr' id='par_1_1' title="bbox 437 667 1145 735">
     <span class='ocr_line' id='line_1_1' title="bbox 437 667 1145 735; baseline 0 -2"><span class='ocrx_word' id='word_1_1' title='bbox 437 667 503 735; x_wconf 79' lang='lat'><strong><em>376</em></strong></span> <span class='ocrx_word' id='word_1_2' title='bbox 842 676 932 733; x_wconf 78' lang='lat' dir='ltr'><strong><em>&#39;vt&#39;rn</em></strong></span> <span class='ocrx_word' id='word_1_3' title='bbox 957 689 986 732; x_wconf 84' lang='lat' dir='ltr'><strong><em>oi</em></strong></span> <span class='ocrx_word' id='word_1_4' title='bbox 1011 688 1145 733; x_wconf 74' lang='lat' dir='ltr'><strong><em>occisso</em></strong></span> 
     </span>
    </p>
   </div>
   <div class='ocr_carea' id='block_1_2' title="bbox 363 811 1577 2775">
    <p class='ocr_par' dir='ltr' id='par_1_2' title="bbox 436 811 1566 895">
     <span class='ocr_line' id='line_1_2' title="bbox 436 811 1566 895; baseline 0.003 -20"><span class='ocrx_word' id='word_1_5' title='bbox 436 811 627 885; x_wconf 74' lang='lat' dir='ltr'><em>TERTIO:</em></span> <span class='ocrx_word' id='word_1_6' title='bbox 649 816 865 895; x_wconf 81' lang='lat' dir='ltr'><strong><em>postmodnm,</em></strong></span> <span class='ocrx_word' id='word_1_7' title='bbox 888 834 975 879; x_wconf 79' lang='lat' dir='ltr'><strong><em>necno</em></strong></span> <span class='ocrx_word' id='word_1_8' title='bbox 997 816 1105 891; x_wconf 79' lang='lat'><strong><em>1635,</em></strong></span> <span class='ocrx_word' id='word_1_9' title='bbox 1125 817 1349 895; x_wconf 73' lang='lat' dir='ltr'><strong><em>confoederatis</em></strong></span> <span class='ocrx_word' id='word_1_10' title='bbox 1378 816 1566 881; x_wconf 87' lang='lat' dir='ltr'><strong><em>Hollandiae</em></strong></span> 
     </span>
    </p>

    <p class='ocr_par' dir='ltr' id='par_1_3' title="bbox 390 932 1575 1607">
     <span class='ocr_line' id='line_1_3' title="bbox 390 932 1573 1015; baseline 0.003 -21"><span class='ocrx_word' id='word_1_11' title='bbox 390 932 391 935; x_wconf 73' lang='grc'>’</span> <span class='ocrx_word' id='word_1_12' title='bbox 433 932 621 1010; x_wconf 76' lang='lat' dir='ltr'><strong><em>Provinciis,</em></strong></span> <span class='ocrx_word' id='word_1_13' title='bbox 635 936 778 999; x_wconf 87' lang='lat' dir='ltr'><strong><em>hoeroica</em></strong></span> <span class='ocrx_word' id='word_1_14' title='bbox 794 952 870 998; x_wconf 88' lang='lat' dir='ltr'><strong><em>sane</em></strong></span> <span class='ocrx_word' id='word_1_15' title='bbox 890 936 1154 1015; x_wconf 69' lang='lat' dir='ltr'><strong><em>mannonimitate</em></strong></span> <span class='ocrx_word' id='word_1_16' title='bbox 1172 935 1300 1007; x_wconf 73' lang='lat' dir='ltr'><strong><em>obtolit:</em></strong></span> <span class='ocrx_word' id='word_1_17' title='bbox 1315 938 1369 1000; x_wconf 83' lang='lat' dir='ltr'><strong><em>scd</em></strong></span> <span class='ocrx_word' id='word_1_18' title='bbox 1387 934 1448 999; x_wconf 86' lang='lat' dir='ltr'><strong><em>Dei</em></strong></span> <span class='ocrx_word' id='word_1_19' title='bbox 1465 939 1573 1001; x_wconf 84' lang='lat' dir='ltr'><strong><em>amni·</em></strong></span> 
     </span>
     <span class='ocr_line' id='line_1_4' title="bbox 430 1043 1573 1133; baseline -0.001 -19"><span class='ocrx_word' id='word_1_20' title='bbox 430 1050 564 1133; x_wconf 82' lang='lat' dir='ltr'><strong><em>potentis</em></strong></span> <span class='ocrx_word' id='word_1_21' title='bbox 588 1051 708 1115; x_wconf 91' lang='lat' dir='ltr'><strong><em>decreto</em></strong></span> <span class='ocrx_word' id='word_1_22' title='bbox 731 1060 796 1115; x_wconf 93' lang='lat' dir='ltr'><strong><em>tam</em></strong></span> <span class='ocrx_word' id='word_1_23' title='bbox 819 1070 970 1131; x_wconf 69' lang='lat' dir='ltr'><strong><em>honerosa</em></strong></span> <span class='ocrx_word' id='word_1_24' title='bbox 996 1051 1132 1123; x_wconf 85' lang='lat' dir='ltr'><strong><em>ohlatio.</em></strong></span> <span class='ocrx_word' id='word_1_25' title='bbox 1155 1071 1192 1117; x_wconf 92' lang='lat' dir='ltr'><strong><em>ac</em></strong></span> <span class='ocrx_word' id='word_1_26' title='bbox 1211 1043 1317 1117; x_wconf 84' lang='lat' dir='ltr'><strong><em>¹nohile</em></strong></span> <span class='ocrx_word' id='word_1_27' title='bbox 1340 1062 1573 1117; x_wconf 81' lang='lat' dir='ltr'><strong><em>tentamentum</em></strong></span> 
     </span>
     <span class='ocr_line' id='line_1_5' title="bbox 433 1168 1567 1252; baseline 0.003 -22"><span class='ocrx_word' id='word_1_28' title='bbox 433 1169 583 1250; x_wconf 77' lang='lat' dir='ltr'><strong><em>utrinqne</em></strong></span> <span class='ocrx_word' id='word_1_29' title='bbox 606 1171 746 1240; x_wconf 85' lang='lat' dir='ltr'><strong><em>evannit,</em></strong></span> <span class='ocrx_word' id='word_1_30' title='bbox 771 1178 807 1231; x_wconf 91' lang='lat' dir='ltr'><strong><em>nt</em></strong></span> <span class='ocrx_word' id='word_1_31' title='bbox 830 1171 1009 1233; x_wconf 81' lang='lat' dir='ltr'><strong><em>monimum</em></strong></span> <span class='ocrx_word' id='word_1_32' title='bbox 1028 1189 1105 1252; x_wconf 83' lang='lat' dir='ltr'><strong><em>opos</em></strong></span> <span class='ocrx_word' id='word_1_33' title='bbox 1125 1169 1281 1235; x_wconf 88' lang='lat' dir='ltr'><strong><em>Nanticae</em></strong></span> <span class='ocrx_word' id='word_1_34' title='bbox 1299 1180 1328 1233; x_wconf 88' lang='lat' dir='ltr'><strong><em>et</em></strong></span> <span class='ocrx_word' id='word_1_35' title='bbox 1345 1168 1567 1252; x_wconf 75' lang='lat' dir='ltr'><strong><em>Geoaraphiae</em></strong></span> 
     </span>
     <span class='ocr_line' id='line_1_6' title="bbox 435 1276 1571 1371; baseline -0.003 -21"><span class='ocrx_word' id='word_1_36' title='bbox 435 1289 514 1352; x_wconf 84' lang='lat' dir='ltr'><strong><em>hono</em></strong></span> <span class='ocrx_word' id='word_1_37' title='bbox 535 1276 753 1352; x_wconf 76' lang='lat' dir='ltr'><strong><em>Lttnottct</em></strong></span> <span class='ocrx_word' id='word_1_38' title='bbox 778 1284 926 1352; x_wconf 80' lang='lat' dir='ltr'><strong><em>MAGNI</em></strong></span> <span class='ocrx_word' id='word_1_39' title='bbox 953 1286 1053 1354; x_wconf 83' lang='lat' dir='ltr'><strong><em>Terra</em></strong></span> <span class='ocrx_word' id='word_1_40' title='bbox 1073 1287 1219 1371; x_wconf 73' lang='lat' dir='ltr'><strong><em>Marinae</em></strong></span> <span class='ocrx_word' id='word_1_41' title='bbox 1232 1290 1442 1369; x_wconf 83' lang='lat' dir='ltr'><strong><em>potentissimi</em></strong></span> <span class='ocrx_word' id='word_1_42' title='bbox 1458 1292 1571 1351; x_wconf 80' lang='lat' dir='ltr'><strong><em>mnen-</em></strong></span> 
     </span>
     <span class='ocr_line' id='line_1_7' title="bbox 434 1402 1575 1487; baseline -0.003 -18"><span class='ocrx_word' id='word_1_43' title='bbox 434 1406 574 1485; x_wconf 79' lang='lat' dir='ltr'><strong><em>hcentia,</em></strong></span> <span class='ocrx_word' id='word_1_44' title='bbox 596 1413 624 1467; x_wconf 91' lang='lat' dir='ltr'><strong><em>et</em></strong></span> <span class='ocrx_word' id='word_1_45' title='bbox 647 1402 772 1468; x_wconf 87' lang='lat' dir='ltr'><strong><em>Snmmi</em></strong></span> <span class='ocrx_word' id='word_1_46' title='bbox 795 1402 1127 1469; x_wconf 81' lang='lat' dir='ltr'><strong><em>Astronomi-Cassini</em></strong></span> <span class='ocrx_word' id='word_1_47' title='bbox 1150 1406 1269 1481; x_wconf 85' lang='lat' dir='ltr'><strong><em>lohere,</em></strong></span> <span class='ocrx_word' id='word_1_48' title='bbox 1290 1422 1347 1487; x_wconf 82' lang='lat' dir='ltr'><strong><em>pcc</em></strong></span> <span class='ocrx_word' id='word_1_49' title='bbox 1370 1406 1441 1485; x_wconf 79' lang='lat' dir='ltr'><strong><em>ipso</em></strong></span> <span class='ocrx_word' id='word_1_50' title='bbox 1473 1402 1575 1468; x_wconf 85' lang='lat' dir='ltr'><strong><em>Medi-</em></strong></span> 
     </span>
     <span class='ocr_line' id='line_1_8' title="bbox 435 1520 1305 1607; baseline 0.001 -21"><span class='ocrx_word' id='word_1_51' title='bbox 435 1541 490 1587; x_wconf 87' lang='lat' dir='ltr'><strong><em>cea</em></strong></span> <span class='ocrx_word' id='word_1_52' title='bbox 512 1520 637 1605; x_wconf 72' lang='lat' dir='ltr'><strong><em>Sydera</em></strong></span> <span class='ocrx_word' id='word_1_53' title='bbox 657 1526 806 1606; x_wconf 76' lang='lat' dir='ltr'><strong><em>inciperet</em></strong></span> <span class='ocrx_word' id='word_1_54' title='bbox 830 1531 858 1586; x_wconf 93' lang='lat' dir='ltr'><strong><em>et</em></strong></span> <span class='ocrx_word' id='word_1_55' title='bbox 880 1527 1092 1607; x_wconf 52' lang='lat' dir='ltr'><strong><em>perficeretur,</em></strong></span> <span class='ocrx_word' id='word_1_56' title='bbox 1303 1529 1305 1533; x_wconf 83' lang='grc'><strong>’</strong></span> 
     </span>
    </p>

    <p class='ocr_par' dir='ltr' id='par_1_4' title="bbox 526 1641 1577 1723">
     <span class='ocr_line' id='line_1_9' title="bbox 526 1641 1577 1723; baseline 0 -21"><span class='ocrx_word' id='word_1_57' title='bbox 526 1641 727 1705; x_wconf 78' lang='lat' dir='ltr'><strong><em>cometarum</em></strong></span> <span class='ocrx_word' id='word_1_58' title='bbox 749 1641 882 1723; x_wconf 82' lang='lat' dir='ltr'><strong><em>deniqne</em></strong></span> <span class='ocrx_word' id='word_1_59' title='bbox 902 1643 1146 1721; x_wconf 69' lang='lat' dir='ltr'><strong><em>concretionem,</em></strong></span> <span class='ocrx_word' id='word_1_60' title='bbox 1167 1641 1374 1716; x_wconf 83' lang='lat' dir='ltr'><strong><em>incrementa,</em></strong></span> <span class='ocrx_word' id='word_1_61' title='bbox 1390 1649 1506 1716; x_wconf 84' lang='lat' dir='ltr'><strong><em>motas,</em></strong></span> <span class='ocrx_word' id='word_1_62' title='bbox 1523 1643 1577 1703; x_wconf 93' lang='lat' dir='ltr'><strong><em>in-</em></strong></span> 
     </span>
    </p>

    <p class='ocr_par' dir='ltr' id='par_1_5' title="bbox 363 1760 769 1845">
     <span class='ocr_line' id='line_1_10' title="bbox 363 1760 769 1845; baseline 0 -24"><span class='ocrx_word' id='word_1_63' title='bbox 363 1840 365 1845; x_wconf 88' lang='lat'><em>.</em></span> <span class='ocrx_word' id='word_1_64' title='bbox 437 1760 564 1823; x_wconf 81' lang='lat' dir='ltr'><strong><em>teritum</em></strong></span> <span class='ocrx_word' id='word_1_65' title='bbox 588 1760 769 1841; x_wconf 81' lang='lat' dir='ltr'><strong><em>amplicavit.</em></strong></span> 
     </span>
    </p>

    <p class='ocr_par' dir='ltr' id='par_1_6' title="bbox 434 1876 1576 2775">
     <span class='ocr_line' id='line_1_11' title="bbox 529 1876 1576 1960; baseline -0.005 -17"><span class='ocrx_word' id='word_1_66' title='bbox 529 1876 594 1953; x_wconf 84' lang='lat' dir='ltr'><strong><em>Oai</em></strong></span> <span class='ocrx_word' id='word_1_67' title='bbox 616 1896 690 1943; x_wconf 84' lang='lat' dir='ltr'><strong><em>aero</em></strong></span> <span class='ocrx_word' id='word_1_68' title='bbox 711 1880 852 1943; x_wconf 87' lang='lat' dir='ltr'><strong><em>eoelestia</em></strong></span> <span class='ocrx_word' id='word_1_69' title='bbox 875 1891 904 1943; x_wconf 88' lang='lat' dir='ltr'><strong><em>ct</em></strong></span> <span class='ocrx_word' id='word_1_70' title='bbox 928 1881 1104 1960; x_wconf 71' lang='lat' dir='ltr'><strong><em>lonqinquo</em></strong></span> <span class='ocrx_word' id='word_1_71' title='bbox 1130 1876 1304 1960; x_wconf 79' lang='lat' dir='ltr'><strong><em>Deianora</em></strong></span> <span class='ocrx_word' id='word_1_72' title='bbox 1327 1879 1463 1959; x_wconf 78' lang='lat' dir='ltr'><strong><em>apernit,</em></strong></span> <span class='ocrx_word' id='word_1_73' title='bbox 1486 1878 1576 1951; x_wconf 89' lang='lat' dir='ltr'><strong><em>idem,</em></strong></span> 
     </span>
     <span class='ocr_line' id='line_1_12' title="bbox 438 1995 1575 2080; baseline -0.004 -19"><span class='ocrx_word' id='word_1_74' title='bbox 438 2008 473 2061; x_wconf 87' lang='lat' dir='ltr'><strong><em>nt</em></strong></span> <span class='ocrx_word' id='word_1_75' title='bbox 508 1995 675 2061; x_wconf 87' lang='lat' dir='ltr'><strong><em>Sammam</em></strong></span> <span class='ocrx_word' id='word_1_76' title='bbox 701 1996 848 2080; x_wconf 68' lang='lat' dir='ltr'><strong><em>Opificem</em></strong></span> <span class='ocrx_word' id='word_1_77' title='bbox 871 1999 906 2061; x_wconf 91' lang='lat' dir='ltr'><strong><em>in</em></strong></span> <span class='ocrx_word' id='word_1_78' title='bbox 928 1998 1065 2060; x_wconf 91' lang='lat' dir='ltr'><strong><em>minimis</em></strong></span> <span class='ocrx_word' id='word_1_79' title='bbox 1089 1998 1186 2061; x_wconf 82' lang='lat' dir='ltr'><strong><em>eriam.</em></strong></span> <span class='ocrx_word' id='word_1_80' title='bbox 1204 1997 1349 2078; x_wconf 79' lang='lat' dir='ltr'><strong><em>operibns</em></strong></span> <span class='ocrx_word' id='word_1_81' title='bbox 1379 1996 1575 2059; x_wconf 78' lang='lat' dir='ltr'><strong><em>laudandam</em></strong></span> 
     </span>
     <span class='ocr_line' id='line_1_13' title="bbox 434 2114 1576 2198; baseline -0.003 -19"><span class='ocrx_word' id='word_1_82' title='bbox 434 2125 631 2198; x_wconf 80' lang='lat' dir='ltr'><strong><em>proponeret,</em></strong></span> <span class='ocrx_word' id='word_1_83' title='bbox 655 2119 813 2182; x_wconf 88' lang='lat' dir='ltr'><strong><em>hnmanae</em></strong></span> <span class='ocrx_word' id='word_1_84' title='bbox 836 2115 1053 2197; x_wconf 83' lang='lat' dir='ltr'><strong><em>Philosophiae</em></strong></span> <span class='ocrx_word' id='word_1_85' title='bbox 1082 2117 1251 2179; x_wconf 77' lang='lat' dir='ltr'><strong><em>secretiora</em></strong></span> <span class='ocrx_word' id='word_1_86' title='bbox 1282 2114 1460 2196; x_wconf 80' lang='lat' dir='ltr'><strong><em>penetralia</em></strong></span> <span class='ocrx_word' id='word_1_87' title='bbox 1495 2132 1576 2177; x_wconf 87' lang='lat' dir='ltr'><strong><em>rese·</em></strong></span> 
     </span>
     <span class='ocr_line' id='line_1_14' title="bbox 438 2232 1576 2316; baseline -0.003 -19"><span class='ocrx_word' id='word_1_88' title='bbox 438 2236 547 2307; x_wconf 74' lang='lat' dir='ltr'><strong><em>canite</em></strong></span> <span class='ocrx_word' id='word_1_89' title='bbox 567 2235 643 2299; x_wconf 88' lang='lat' dir='ltr'><strong><em>dnm</em></strong></span> <span class='ocrx_word' id='word_1_90' title='bbox 664 2234 866 2316; x_wconf 84' lang='lat' dir='ltr'><strong><em>Microscopii</em></strong></span> <span class='ocrx_word' id='word_1_91' title='bbox 888 2254 954 2316; x_wconf 82' lang='lat' dir='ltr'><strong><em>ope,</em></strong></span> <span class='ocrx_word' id='word_1_92' title='bbox 973 2253 1013 2298; x_wconf 85' lang='lat' dir='ltr'><strong><em>en</em></strong></span> <span class='ocrx_word' id='word_1_93' title='bbox 1030 2236 1137 2307; x_wconf 74' lang='lat' dir='ltr'><strong><em>noha,</em></strong></span> <span class='ocrx_word' id='word_1_94' title='bbox 1159 2244 1188 2296; x_wconf 89' lang='lat' dir='ltr'><strong><em>et</em></strong></span> <span class='ocrx_word' id='word_1_95' title='bbox 1210 2251 1251 2297; x_wconf 77' lang='lat' dir='ltr'><strong><em>ea</em></strong></span> <span class='ocrx_word' id='word_1_96' title='bbox 1275 2233 1393 2316; x_wconf 80' lang='lat' dir='ltr'><strong><em>duplici</em></strong></span> <span class='ocrx_word' id='word_1_97' title='bbox 1412 2232 1494 2295; x_wconf 88' lang='lat' dir='ltr'><strong><em>lente</em></strong></span> <span class='ocrx_word' id='word_1_98' title='bbox 1510 2252 1532 2298; x_wconf 94' lang='lat' dir='ltr'><strong><em>a</em></strong></span> <span class='ocrx_word' id='word_1_99' title='bbox 1546 2250 1576 2294; x_wconf 85' lang='lat' dir='ltr'><strong><em>sc</em></strong></span> 
     </span>
     <span class='ocr_line' id='line_1_15' title="bbox 435 2352 1576 2435; baseline -0.004 -18"><span class='ocrx_word' id='word_1_100' title='bbox 435 2357 576 2435; x_wconf 83' lang='lat' dir='ltr'><strong><em>primam</em></strong></span> <span class='ocrx_word' id='word_1_101' title='bbox 609 2352 778 2435; x_wconf 77' lang='lat' dir='ltr'><strong><em>encoaitate&#39;</em></strong></span> <span class='ocrx_word' id='word_1_102' title='bbox 811 2365 841 2417; x_wconf 88' lang='lat' dir='ltr'><strong><em>ct</em></strong></span> <span class='ocrx_word' id='word_1_103' title='bbox 875 2354 1026 2433; x_wconf 77' lang='lat' dir='ltr'><strong><em>consecti,</em></strong></span> <span class='ocrx_word' id='word_1_104' title='bbox 1050 2372 1088 2417; x_wconf 92' lang='lat' dir='ltr'><strong><em>ac</em></strong></span> <span class='ocrx_word' id='word_1_105' title='bbox 1106 2354 1178 2434; x_wconf 82' lang='lat' dir='ltr'><strong><em>jam</em></strong></span> <span class='ocrx_word' id='word_1_106' title='bbox 1201 2371 1289 2419; x_wconf 93' lang='lat' dir='ltr'><strong><em>anno</em></strong></span> <span class='ocrx_word' id='word_1_107' title='bbox 1321 2354 1409 2418; x_wconf 72' lang='lat'>1612</span> <span class='ocrx_word' id='word_1_108' title='bbox 1443 2353 1576 2415; x_wconf 86' lang='lat' dir='ltr'><strong><em>instanti</em></strong></span> 
     </span>
     <span class='ocr_line' id='line_1_16' title="bbox 439 2470 1575 2560; baseline -0.001 -25"><span class='ocrx_word' id='word_1_109' title='bbox 439 2472 662 2538; x_wconf 83' lang='lat' dir='ltr'><strong><em>CdSlMlllO</em></strong></span> <span class='ocrx_word' id='word_1_110' title='bbox 685 2472 729 2560; x_wconf 85' lang='lat' dir='ltr'><strong><em>(l)</em></strong></span> <span class='ocrx_word' id='word_1_111' title='bbox 757 2471 1035 2538; x_wconf 84' lang='lat' dir='ltr'><strong><em>POLONORUM</em></strong></span> <span class='ocrx_word' id='word_1_112' title='bbox 1056 2470 1170 2536; x_wconf 83' lang='lat' dir='ltr'><em>REGI</em></span> <span class='ocrx_word' id='word_1_113' title='bbox 1202 2474 1285 2537; x_wconf 91' lang='lat' dir='ltr'><strong><em>dano</em></strong></span> <span class='ocrx_word' id='word_1_114' title='bbox 1313 2474 1411 2546; x_wconf 87' lang='lat' dir='ltr'><strong><em>missi,</em></strong></span> <span class='ocrx_word' id='word_1_115' title='bbox 1435 2473 1575 2535; x_wconf 83' lang='lat' dir='ltr'><strong><em>hnmano</em></strong></span> 
     </span>
     <span class='ocr_line' id='line_1_17' title="bbox 439 2570 1576 2673; baseline -0.001 -18"><span class='ocrx_word' id='word_1_116' title='bbox 439 2570 563 2656; x_wconf 82' lang='lat' dir='ltr'><strong><em>ohtntni</em></strong></span> <span class='ocrx_word' id='word_1_117' title='bbox 586 2595 716 2657; x_wconf 87' lang='lat' dir='ltr'><strong><em>minima</em></strong></span> <span class='ocrx_word' id='word_1_118' title='bbox 742 2594 896 2673; x_wconf 79' lang='lat' dir='ltr'><strong><em>subjecit,</em></strong></span> <span class='ocrx_word' id='word_1_119' title='bbox 921 2602 950 2654; x_wconf 93' lang='lat' dir='ltr'><strong><em>et</em></strong></span> <span class='ocrx_word' id='word_1_120' title='bbox 975 2601 1108 2654; x_wconf 84' lang='lat' dir='ltr'><strong><em>naturae</em></strong></span> <span class='ocrx_word' id='word_1_121' title='bbox 1143 2592 1241 2673; x_wconf 79' lang='lat' dir='ltr'><strong><em>ipsias</em></strong></span> <span class='ocrx_word' id='word_1_122' title='bbox 1275 2591 1446 2673; x_wconf 75' lang='lat' dir='ltr'><strong><em>qnamdam</em></strong></span> <span class='ocrx_word' id='word_1_123' title='bbox 1483 2589 1576 2655; x_wconf 83' lang='lat' dir='ltr'><strong><em>aelati</em></strong></span> 
     </span>
     <span class='ocr_line' id='line_1_18' title="bbox 438 2711 1091 2775; baseline -0.006 -1"><span class='ocrx_word' id='word_1_124' title='bbox 438 2719 607 2775; x_wconf 91' lang='lat' dir='ltr'><strong><em>anatomen</em></strong></span> <span class='ocrx_word' id='word_1_125' title='bbox 630 2712 778 2773; x_wconf 87' lang='lat' dir='ltr'><strong><em>institnit.</em></strong></span> <span class='ocrx_word' id='word_1_126' title='bbox 1089 2711 1091 2716; x_wconf 84' lang='grc'><strong>’</strong></span> 
     </span>
    </p>
   </div>
   <div class='ocr_carea' id='block_1_3' title="bbox 418 2825 1577 2912">
    <p class='ocr_par' dir='ltr' id='par_1_7' title="bbox 418 2825 1577 2912">
     <span class='ocr_line' id='line_1_19' title="bbox 418 2825 1577 2912; baseline 0 -20"><span class='ocrx_word' id='word_1_127' title='bbox 418 2857 420 2863; x_wconf 94' lang='grc'><strong><em>·</em></strong></span> <span class='ocrx_word' id='word_1_128' title='bbox 527 2829 571 2893; x_wconf 83' lang='lat' dir='ltr'><strong><em>Et</em></strong></span> <span class='ocrx_word' id='word_1_129' title='bbox 596 2830 675 2893; x_wconf 88' lang='lat' dir='ltr'><strong><em>sicnt</em></strong></span> <span class='ocrx_word' id='word_1_130' title='bbox 701 2825 909 2894; x_wconf 84' lang='lat' dir='ltr'><strong><em>Geometriam</em></strong></span> <span class='ocrx_word' id='word_1_131' title='bbox 934 2828 1149 2912; x_wconf 73' lang='lat' dir='ltr'><strong><em>Philosophiae</em></strong></span> <span class='ocrx_word' id='word_1_132' title='bbox 1172 2831 1330 2895; x_wconf 84' lang='lat' dir='ltr'><strong><em>natricem</em></strong></span> <span class='ocrx_word' id='word_1_133' title='bbox 1353 2831 1508 2906; x_wconf 88' lang='lat' dir='ltr'><strong><em>oocahat,</em></strong></span> <span class='ocrx_word' id='word_1_134' title='bbox 1532 2832 1577 2893; x_wconf 90' lang='lat' dir='ltr'><strong><em>ita</em></strong></span> 
     </span>
    </p>
   </div>
   <div class='ocr_carea' id='block_1_4' title="bbox 322 2946 1582 4577">
    <p class='ocr_par' dir='ltr' id='par_1_8' title="bbox 364 2946 1579 3263">
     <span class='ocr_line' id='line_1_20' title="bbox 364 2946 1579 3029; baseline -0.001 -20"><span class='ocrx_word' id='word_1_135' title='bbox 364 2973 367 2980; x_wconf 93' lang='lat'>·</span> <span class='ocrx_word' id='word_1_136' title='bbox 438 2946 576 3028; x_wconf 80' lang='lat' dir='ltr'><strong><em>encmpla</em></strong></span> <span class='ocrx_word' id='word_1_137' title='bbox 609 2956 637 3008; x_wconf 89' lang='lat' dir='ltr'><strong><em>et</em></strong></span> <span class='ocrx_word' id='word_1_138' title='bbox 671 2947 806 3009; x_wconf 79' lang='lat' dir='ltr'><strong><em>invocetis</em></strong></span> <span class='ocrx_word' id='word_1_139' title='bbox 841 2946 1093 3018; x_wconf 72' lang='lat' dir='ltr'><strong><em>demonstravit:</em></strong></span> <span class='ocrx_word' id='word_1_140' title='bbox 1128 2948 1282 3029; x_wconf 80' lang='lat' dir='ltr'><strong><em>siqnidem</em></strong></span> <span class='ocrx_word' id='word_1_141' title='bbox 1320 2966 1404 3012; x_wconf 85' lang='lat' dir='ltr'><strong><em>nova</em></strong></span> <span class='ocrx_word' id='word_1_142' title='bbox 1438 2948 1579 3011; x_wconf 90' lang='lat' dir='ltr'><strong><em>methodo</em></strong></span> 
     </span>
     <span class='ocr_line' id='line_1_21' title="bbox 438 3061 1578 3145; baseline -0.003 -16"><span class='ocrx_word' id='word_1_143' title='bbox 438 3063 613 3129; x_wconf 87' lang='lat' dir='ltr'><strong><em>Scientiam</em></strong></span> <span class='ocrx_word' id='word_1_144' title='bbox 648 3061 905 3128; x_wconf 88' lang='lat' dir='ltr'><strong><em>Centroharicam</em></strong></span> <span class='ocrx_word' id='word_1_145' title='bbox 938 3065 1149 3145; x_wconf 81' lang='lat' dir='ltr'><strong><em>qnornmdam</em></strong></span> <span class='ocrx_word' id='word_1_146' title='bbox 1176 3062 1381 3141; x_wconf 70' lang='lat' dir='ltr'><strong><em>Salinarum,</em></strong></span> <span class='ocrx_word' id='word_1_147' title='bbox 1404 3068 1462 3129; x_wconf 80' lang='lat' dir='ltr'><strong><em>aim</em></strong></span> <span class='ocrx_word' id='word_1_148' title='bbox 1485 3067 1578 3127; x_wconf 89' lang='lat' dir='ltr'><strong><em>etiam</em></strong></span> 
     </span>
     <span class='ocr_line' id='line_1_22' title="bbox 440 3179 1578 3263; baseline 0 -16"><span class='ocrx_word' id='word_1_149' title='bbox 440 3185 574 3247; x_wconf 89' lang='lat' dir='ltr'><strong><em>initiatis</em></strong></span> <span class='ocrx_word' id='word_1_150' title='bbox 598 3185 634 3245; x_wconf 90' lang='lat' dir='ltr'><strong><em>in</em></strong></span> <span class='ocrx_word' id='word_1_151' title='bbox 658 3179 844 3254; x_wconf 86' lang='lat' dir='ltr'><strong><em>Geometria,</em></strong></span> <span class='ocrx_word' id='word_1_152' title='bbox 863 3185 998 3263; x_wconf 77' lang='lat' dir='ltr'><strong><em>apernit.</em></strong></span> <span class='ocrx_word' id='word_1_153' title='bbox 1034 3182 1227 3247; x_wconf 71' lang='lat' dir='ltr'><strong><em>Archimedis</em></strong></span> <span class='ocrx_word' id='word_1_154' title='bbox 1262 3184 1444 3248; x_wconf 90' lang='lat' dir='ltr'><strong><em>doctrinam</em></strong></span> <span class='ocrx_word' id='word_1_155' title='bbox 1475 3184 1513 3248; x_wconf 91' lang='lat' dir='ltr'><strong><em>de</em></strong></span> <span class='ocrx_word' id='word_1_156' title='bbox 1542 3187 1578 3247; x_wconf 88' lang='lat' dir='ltr'><strong><em>iis</em></strong></span> 
     </span>
    </p>

    <p class='ocr_par' dir='ltr' id='par_1_9' title="bbox 322 3303 1579 3738">
     <span class='ocr_line' id='line_1_23' title="bbox 322 3303 1578 3386; baseline -0.001 -18"><span class='ocrx_word' id='word_1_157' title='bbox 322 3366 331 3384; x_wconf 79' lang='grc'><em>,</em></span> <span class='ocrx_word' id='word_1_158' title='bbox 440 3322 521 3386; x_wconf 79' lang='lat' dir='ltr'><strong><em>onae</em></strong></span> <span class='ocrx_word' id='word_1_159' title='bbox 538 3305 689 3367; x_wconf 90' lang='lat' dir='ltr'><strong><em>innatant</em></strong></span> <span class='ocrx_word' id='word_1_160' title='bbox 706 3303 823 3385; x_wconf 72' lang='lat' dir='ltr'><strong><em>decidis,</em></strong></span> <span class='ocrx_word' id='word_1_161' title='bbox 848 3310 877 3365; x_wconf 88' lang='lat' dir='ltr'><strong><em>et</em></strong></span> <span class='ocrx_word' id='word_1_162' title='bbox 899 3320 1008 3366; x_wconf 91' lang='lat' dir='ltr'><strong><em>earnm</em></strong></span> <span class='ocrx_word' id='word_1_163' title='bbox 1023 3303 1221 3377; x_wconf 87' lang='lat' dir='ltr'><strong><em>lihramenta,</em></strong></span> <span class='ocrx_word' id='word_1_164' title='bbox 1239 3304 1278 3366; x_wconf 83' lang='lat' dir='ltr'><strong><em>alr</em></strong></span> <span class='ocrx_word' id='word_1_165' title='bbox 1296 3305 1360 3367; x_wconf 86' lang='lat' dir='ltr'><strong><em>nim</em></strong></span> <span class='ocrx_word' id='word_1_166' title='bbox 1378 3304 1578 3369; x_wconf 79' lang='lat' dir='ltr'><strong><em>alternarum</em></strong></span> 
     </span>
     <span class='ocr_line' id='line_1_24' title="bbox 436 3420 1577 3504; baseline 0.001 -18"><span class='ocrx_word' id='word_1_167' title='bbox 436 3423 644 3503; x_wconf 78' lang='lat' dir='ltr'><strong><em>piessionnm,</em></strong></span> <span class='ocrx_word' id='word_1_168' title='bbox 657 3422 780 3502; x_wconf 76' lang='lat' dir='ltr'><strong><em>primns</em></strong></span> <span class='ocrx_word' id='word_1_169' title='bbox 799 3420 992 3500; x_wconf 67' lang='lat' dir='ltr'><strong><em>indicitaoit,</em></strong></span> <span class='ocrx_word' id='word_1_170' title='bbox 1013 3421 1244 3502; x_wconf 76' lang='lat' dir='ltr'><strong><em>innnmcraqne</em></strong></span> <span class='ocrx_word' id='word_1_171' title='bbox 1259 3423 1382 3502; x_wconf 79' lang='lat' dir='ltr'><strong><em>scriptis</em></strong></span> <span class='ocrx_word' id='word_1_172' title='bbox 1401 3424 1468 3485; x_wconf 85' lang='lat' dir='ltr'><strong><em>snis</em></strong></span> <span class='ocrx_word' id='word_1_173' title='bbox 1486 3440 1577 3504; x_wconf 80' lang='lat' dir='ltr'><strong><em>soar·</em></strong></span> 
     </span>
     <span class='ocr_line' id='line_1_25' title="bbox 440 3538 1579 3621; baseline -0.002 -18"><span class='ocrx_word' id='word_1_174' title='bbox 440 3542 482 3603; x_wconf 84' lang='lat' dir='ltr'><strong><em>sit</em></strong></span> <span class='ocrx_word' id='word_1_175' title='bbox 503 3542 646 3610; x_wconf 88' lang='lat' dir='ltr'><strong><em>semina,</em></strong></span> <span class='ocrx_word' id='word_1_176' title='bbox 670 3558 685 3601; x_wconf 90' lang='lat' dir='ltr'><strong><em>e</em></strong></span> <span class='ocrx_word' id='word_1_177' title='bbox 708 3539 822 3620; x_wconf 78' lang='lat' dir='ltr'><strong><em>onihas</em></strong></span> <span class='ocrx_word' id='word_1_178' title='bbox 844 3538 1057 3619; x_wconf 78' lang='lat' dir='ltr'><strong><em>plurimorum</em></strong></span> <span class='ocrx_word' id='word_1_179' title='bbox 1092 3547 1289 3603; x_wconf 72' lang='lat' dir='ltr'><strong><em>tractatorem</em></strong></span> <span class='ocrx_word' id='word_1_180' title='bbox 1315 3556 1400 3620; x_wconf 76' lang='lat' dir='ltr'><strong><em>seam</em></strong></span> <span class='ocrx_word' id='word_1_181' title='bbox 1420 3543 1579 3621; x_wconf 80' lang='lat' dir='ltr'><strong><em>praesenti</em></strong></span> 
     </span>
     <span class='ocr_line' id='line_1_26' title="bbox 442 3657 1246 3738; baseline -0.005 -15"><span class='ocrx_word' id='word_1_182' title='bbox 442 3668 543 3723; x_wconf 87' lang='lat' dir='ltr'><strong><em>aetate</em></strong></span> <span class='ocrx_word' id='word_1_183' title='bbox 566 3659 714 3733; x_wconf 86' lang='lat' dir='ltr'><strong><em>accrevit,</em></strong></span> <span class='ocrx_word' id='word_1_184' title='bbox 736 3667 764 3719; x_wconf 90' lang='lat' dir='ltr'><strong><em>et</em></strong></span> <span class='ocrx_word' id='word_1_185' title='bbox 787 3659 821 3718; x_wconf 88' lang='lat' dir='ltr'><strong><em>in</em></strong></span> <span class='ocrx_word' id='word_1_186' title='bbox 846 3657 910 3720; x_wconf 88' lang='lat' dir='ltr'><strong><em>dies</em></strong></span> <span class='ocrx_word' id='word_1_187' title='bbox 928 3658 1064 3738; x_wconf 79' lang='lat' dir='ltr'><strong><em>posteris</em></strong></span> <span class='ocrx_word' id='word_1_188' title='bbox 1084 3668 1246 3722; x_wconf 86' lang='lat' dir='ltr'><strong><em>accrescet.</em></strong></span> 
     </span>
    </p>

    <p class='ocr_par' dir='ltr' id='par_1_10' title="bbox 445 3773 1580 3960">
     <span class='ocr_line' id='line_1_27' title="bbox 532 3773 1580 3859; baseline 0.003 -22"><span class='ocrx_word' id='word_1_189' title='bbox 532 3774 615 3839; x_wconf 83' lang='lat' dir='ltr'><strong><em>Ante</em></strong></span> <span class='ocrx_word' id='word_1_190' title='bbox 638 3776 714 3840; x_wconf 89' lang='lat' dir='ltr'><strong><em>alios</em></strong></span> <span class='ocrx_word' id='word_1_191' title='bbox 739 3775 802 3837; x_wconf 87' lang='lat' dir='ltr'><strong><em>nim</em></strong></span> <span class='ocrx_word' id='word_1_192' title='bbox 819 3773 1038 3839; x_wconf 88' lang='lat' dir='ltr'><strong><em>Percnssionis</em></strong></span> <span class='ocrx_word' id='word_1_193' title='bbox 1062 3777 1221 3857; x_wconf 79' lang='lat' dir='ltr'><strong><em>inhnitom</em></strong></span> <span class='ocrx_word' id='word_1_194' title='bbox 1242 3787 1353 3859; x_wconf 78' lang='lat' dir='ltr'><strong><em>suapte</em></strong></span> <span class='ocrx_word' id='word_1_195' title='bbox 1373 3788 1493 3843; x_wconf 81' lang='lat' dir='ltr'><strong><em>natura</em></strong></span> <span class='ocrx_word' id='word_1_196' title='bbox 1510 3780 1580 3842; x_wconf 90' lang='lat' dir='ltr'><strong><em>ani-</em></strong></span> 
     </span>
     <span class='ocr_line' id='line_1_28' title="bbox 445 3896 621 3960; baseline -0.011 -2"><span class='ocrx_word' id='word_1_197' title='bbox 445 3896 621 3960; x_wconf 77' lang='lat' dir='ltr'><strong><em>madvertit.</em></strong></span> 
     </span>
    </p>

    <p class='ocr_par' dir='ltr' id='par_1_11' title="bbox 442 4012 1582 4577">
     <span class='ocr_line' id='line_1_29' title="bbox 532 4012 1582 4097; baseline 0 -19"><span class='ocrx_word' id='word_1_198' title='bbox 532 4012 637 4079; x_wconf 86' lang='lat' dir='ltr'><strong><em>Nonas</em></strong></span> <span class='ocrx_word' id='word_1_199' title='bbox 661 4012 819 4079; x_wconf 90' lang='lat' dir='ltr'><strong><em>Scientias</em></strong></span> <span class='ocrx_word' id='word_1_200' title='bbox 842 4016 987 4079; x_wconf 85' lang='lat' dir='ltr'><strong><em>omnihus</em></strong></span> <span class='ocrx_word' id='word_1_201' title='bbox 1013 4033 1112 4096; x_wconf 77' lang='lat' dir='ltr'><strong><em>mane</em></strong></span> <span class='ocrx_word' id='word_1_202' title='bbox 1136 4016 1178 4080; x_wconf 93' lang='lat' dir='ltr'><strong><em>ad</em></strong></span> <span class='ocrx_word' id='word_1_203' title='bbox 1200 4017 1269 4097; x_wconf 80' lang='lat' dir='ltr'><strong><em>ejas</em></strong></span> <span class='ocrx_word' id='word_1_204' title='bbox 1293 4025 1429 4081; x_wconf 87' lang='lat' dir='ltr'><strong><em>aetatem</em></strong></span> <span class='ocrx_word' id='word_1_205' title='bbox 1451 4017 1582 4081; x_wconf 85' lang='lat' dir='ltr'><strong><em>saecnhs</em></strong></span> 
     </span>
     <span class='ocr_line' id='line_1_30' title="bbox 450 4135 1582 4208; baseline 0.005 -12"><span class='ocrx_word' id='word_1_206' title='bbox 450 4135 588 4200; x_wconf 87' lang='lat' dir='ltr'><strong><em>intactos</em></strong></span> <span class='ocrx_word' id='word_1_207' title='bbox 622 4136 870 4207; x_wconf 79' lang='lat' dir='ltr'><strong><em>animadvertit,-</em></strong></span> <span class='ocrx_word' id='word_1_208' title='bbox 898 4136 933 4198; x_wconf 89' lang='lat' dir='ltr'><strong><em>de</em></strong></span> <span class='ocrx_word' id='word_1_209' title='bbox 967 4135 1136 4201; x_wconf 82' lang='lat' dir='ltr'><strong><em>solidorum</em></strong></span> <span class='ocrx_word' id='word_1_210' title='bbox 1170 4138 1369 4208; x_wconf 75' lang='lat' dir='ltr'><strong><em>resistentia:</em></strong></span> <span class='ocrx_word' id='word_1_211' title='bbox 1389 4138 1425 4201; x_wconf 89' lang='lat' dir='ltr'><strong><em>de</em></strong></span> <span class='ocrx_word' id='word_1_212' title='bbox 1449 4138 1582 4202; x_wconf 83' lang='lat' dir='ltr'><strong><em>motibus</em></strong></span> 
     </span>
     <span class='ocr_line' id='line_1_31' title="bbox 443 4254 1579 4336; baseline 0.001 -17"><span class='ocrx_word' id='word_1_213' title='bbox 443 4254 591 4334; x_wconf 77' lang='lat' dir='ltr'><strong><em>orariam</em></strong></span> <span class='ocrx_word' id='word_1_214' title='bbox 614 4265 681 4317; x_wconf 87' lang='lat' dir='ltr'><strong><em>tom</em></strong></span> <span class='ocrx_word' id='word_1_215' title='bbox 699 4256 906 4336; x_wconf 78' lang='lat' dir='ltr'><strong><em>aequabiliter</em></strong></span> <span class='ocrx_word' id='word_1_216' title='bbox 921 4255 1143 4332; x_wconf 83' lang='lat' dir='ltr'><strong><em>incedentium,</em></strong></span> <span class='ocrx_word' id='word_1_217' title='bbox 1160 4265 1228 4319; x_wconf 89' lang='lat' dir='ltr'><strong><em>tam</em></strong></span> <span class='ocrx_word' id='word_1_218' title='bbox 1247 4256 1441 4321; x_wconf 90' lang='lat' dir='ltr'><strong><em>notnraliter</em></strong></span> <span class='ocrx_word' id='word_1_219' title='bbox 1454 4257 1579 4321; x_wconf 86' lang='lat' dir='ltr'><strong><em>descen·</em></strong></span> 
     </span>
     <span class='ocr_line' id='line_1_32' title="bbox 443 4359 1578 4458; baseline 0.001 -21"><span class='ocrx_word' id='word_1_220' title='bbox 443 4373 606 4449; x_wconf 84' lang='lat' dir='ltr'><strong><em>dentiam,</em></strong></span> <span class='ocrx_word' id='word_1_221' title='bbox 640 4383 707 4436; x_wconf 85' lang='lat' dir='ltr'><strong><em>tam</em></strong></span> <span class='ocrx_word' id='word_1_222' title='bbox 739 4359 951 4455; x_wconf 78' lang='lat' dir='ltr'><strong><em>projectorum</em></strong></span> <span class='ocrx_word' id='word_1_223' title='bbox 986 4375 1001 4458; x_wconf 91' lang='lat'><em>(</em></span> <span class='ocrx_word' id='word_1_224' title='bbox 1011 4396 1026 4438; x_wconf 92' lang='lat' dir='ltr'><strong><em>e</em></strong></span> <span class='ocrx_word' id='word_1_225' title='bbox 1061 4376 1173 4458; x_wconf 79' lang='lat' dir='ltr'><strong><em>qnihas</em></strong></span> <span class='ocrx_word' id='word_1_226' title='bbox 1198 4378 1366 4457; x_wconf 79' lang='lat' dir='ltr'><strong><em>praecipere</em></strong></span> <span class='ocrx_word' id='word_1_227' title='bbox 1400 4376 1578 4442; x_wconf 79' lang='lat' dir='ltr'><strong><em>hellicoinne</em></strong></span> 
     </span>
     <span class='ocr_line' id='line_1_33' title="bbox 442 4490 1573 4577; baseline 0.001 -23"><span class='ocrx_word' id='word_1_228' title='bbox 442 4491 606 4556; x_wconf 75' lang='lat' dir='ltr'><strong><em>missilium</em></strong></span> <span class='ocrx_word' id='word_1_229' title='bbox 628 4499 728 4555; x_wconf 89' lang='lat' dir='ltr'><strong><em>artem</em></strong></span> <span class='ocrx_word' id='word_1_230' title='bbox 751 4490 881 4577; x_wconf 84' lang='lat' dir='ltr'><strong><em>elicnit),</em></strong></span> <span class='ocrx_word' id='word_1_231' title='bbox 902 4495 1024 4573; x_wconf 79' lang='lat' dir='ltr'><strong><em>primns</em></strong></span> <span class='ocrx_word' id='word_1_232' title='bbox 1051 4494 1267 4576; x_wconf 73' lang='lat' dir='ltr'><strong><em>Philosophiae</em></strong></span> <span class='ocrx_word' id='word_1_233' title='bbox 1285 4492 1443 4562; x_wconf 83' lang='lat' dir='ltr'><strong><em>Sacrario</em></strong></span> <span class='ocrx_word' id='word_1_234' title='bbox 1458 4495 1573 4566; x_wconf 78' lang='lat' dir='ltr'><strong><em>intulit,</em></strong></span> 
     </span>
    </p>
   </div>
   <div class='ocr_carea' id='block_1_5' title="bbox 516 4754 1413 4822">
    <p class='ocr_par' dir='ltr' id='par_1_12' title="bbox 516 4754 1413 4822">
     <span class='ocr_line' id='line_1_34' title="bbox 516 4754 1413 4822; baseline 0.004 -20"><span class='ocrx_word' id='word_1_235' title='bbox 516 4757 551 4815; x_wconf 80' lang='lat' dir='ltr'><strong><em>(t)</em></strong></span> <span class='ocrx_word' id='word_1_236' title='bbox 566 4754 624 4804; x_wconf 90' lang='lat' dir='ltr'><strong><em>lma</em></strong></span> <span class='ocrx_word' id='word_1_237' title='bbox 640 4754 815 4819; x_wconf 76' lang='lat' dir='ltr'><strong><em>sigismundo,</em></strong></span> <span class='ocrx_word' id='word_1_238' title='bbox 833 4763 862 4807; x_wconf 87' lang='lat' dir='ltr'><strong><em>nt</em></strong></span> <span class='ocrx_word' id='word_1_239' title='bbox 880 4772 892 4808; x_wconf 80' lang='lat' dir='ltr'><strong><em>a</em></strong></span> <span class='ocrx_word' id='word_1_240' title='bbox 911 4758 985 4807; x_wconf 87' lang='lat' dir='ltr'><strong><em>nobis</em></strong></span> <span class='ocrx_word' id='word_1_241' title='bbox 1002 4758 1118 4822; x_wconf 72' lang='lat' dir='ltr'><strong><em>alloquin</em></strong></span> <span class='ocrx_word' id='word_1_242' title='bbox 1137 4759 1346 4808; x_wconf 83' lang='lat' dir='ltr'><strong><em>demonstratum</em></strong></span> <span class='ocrx_word' id='word_1_243' title='bbox 1363 4763 1413 4808; x_wconf 82' lang='lat' dir='ltr'><strong><em>est.</em></strong></span> 
     </span>
    </p>
   </div>
   <div class='ocr_carea' id='block_1_6' title="bbox 0 0 1897 5784">
    <p class='ocr_par' dir='ltr' id='par_1_13' title="bbox 0 0 1897 5784">
     <span class='ocr_line' id='line_1_35' title="bbox 0 0 1897 5784; baseline 0 0"><span class='ocrx_word' id='word_1_244' title='bbox 0 0 1897 5784; x_wconf 95' lang='lat' dir='ltr'><strong><em> </em></strong></span> 
     </span>
    </p>
   </div>
  </div>
 </body>
</html>
