3759 5784
391 476 444 522 XlV
742 474 959 521 aruttoosarla
983 475 1180 522 uatttstalla.

390 601 498 657 Ledus
515 603 633 660 eduioui
650 604 680 657 di
698 601 804 657 Milone
821 602 890 656 delto
910 599 1000 671 Opere
1016 604 1046 656 di
1067 600 1182 664 Gotileo,
1194 602 1285 671 putto
1302 603 1359 658 cios*
1375 602 1537 659 de’Gluesici

461 705 503 759 del
531 702 612 760 luti
634 704 755 774 cqueltu
772 703 815 758 dol
835 701 944 758 Bettoui
959 704 1002 758 dol
1024 702 1126 770 1852,
1146 705 1329 774 riproducono
1354 719 1411 774 pur
1434 719 1490 788 erre
1518 705 1537 756 il

461 804 574 878 liiuioyo
590 805 655 859 dull'
666 805 786 859 ediiioue
803 806 833 858 di
853 804 982 868 l’udouu,·
1001 806 1028 859 lu
1046 813 1142 860 nostru
1159 807 1289 872 edizione,
1314 805 1395 860 Turno
1410 805 1438 866 1.
1458 806 1484 860 to
1503 805 1536 858 dit

458 903 508 973 piu
531 905 620 960 intere
638 920 651 957 o
669 911 784 959 coactio
802 905 832 958 di
851 911 916 958 tutte
934 912 1034 973 quone
1053 906 1076 958 lc
1092 906 1253 974 procedenti.

389 1005 433 1060 Fu
443 1007 492 1074 poi
502 1006 621 1061 heutorto
635 1006 733 1060 colluto
750 1008 780 1059 iu
799 1006 892 1075 liupuu
908 1007 996 1060 latinu
1008 1008 1044 1060 du
1057 1005 1156 1061 Mattio
1168 1004 1341 1077 dirumpere,
1353 1006 1441 1075 quello
1454 1013 1537 1059 steron

458 1107 506 1162 cito
522 1107 567 1178 pid
584 1122 668 1162 coctu
687 1109 803 1162 trudotto
822 1109 843 1161 il
863 1116 976 1162 truttuto
994 1109 1037 1162 del
1057 1107 1221 1177 compasso,
1244 1124 1258 1160 e
1282 1107 1438 1177 pubblicum
1466 1124 1537 1161 corne

457 1221 606 1277 upprom:
848 1194 855 1205 '

387 1310 518 1381 Systoms
532 1306 694 1364 cosmidum
713 1307 831 1363 authore
849 1307 976 1363 Galilueu
995 1306 1112 1364 tiuliluei
1135 1309 1247 1377 Lynceo
1266 1307 1441 1366 Academiae
1465 1309 1537 1363 Pier-

458 1424 512 1465 nae
530 1407 732 1466 Mathematico
751 1410 895 1478 primario,
917 1410 946 1462 in
965 1423 1021 1479 quo
1034 1414 1154 1478 quatuor
1167 1408 1290 1480 Dialogis
1305 1409 1342 1465 de
1353 1410 1465 1464 duobus
1481 1425 1537 1464 rna·

457 1509 542 1572 rimis
562 1510 660 1565 Mundi
678 1509 898 1581 systematihus,
919 1509 1090 1565 Ptolemaiou
1109 1515 1138 1564 et
1156 1508 1366 1579 Cupernicano‚
1391 1509 1536 1580 utriusque

456 1609 613 1680 rationibus
633 1607 834 1680 philosophicis
845 1626 877 1665 ac
892 1611 1065 1668 naturalibus
1086 1609 1233 1666 indefinite
1247 1611 1410 1681 propositis,
1423 1612 1538 1667 disseri·

458 1715 517 1777 tur,
536 1725 574 1765 ex
591 1710 684 1764 italica
703 1710 799 1779 lingua
817 1712 905 1767 latine
924 1726 1104 1768 conversum.
1124 1712 1253 1767 Accessit
1274 1712 1429 1781 Appendix
1453 1714 1536 1781 genri-

457 1828 512 1878 na,
538 1827 593 1884 qua
612 1812 639 1866 S.
661 1812 822 1882 Scripturue
840 1814 914 1890 dipta
943 1829 1008 1869 cum
1036 1813 1143 1869 Terrae
1161 1814 1317 1870 mobilitate
1340 1814 1534 1868 conciliantur.

456 1913 602 1983 Augustae
620 1912 739 1968 Trehoe.
760 1913 903 1984 Impensis
921 1914 1137 1973 Elueviriorum.
1165 1913 1252 1985 Typis
1277 1913 1393 1970 Doridis
1419 1912 1535 1978 limiti,

457 2018 537 2081 1635,
552 2014 647 2070 in-lto.

388 2113 424 2172 lc
442 2118 495 2171 duc
513 2118 664 2187 Appendici
681 2120 721 2173 ioi
741 2118 893 2172 dichiuruto
912 2134 978 2172 runo
998 2118 1026 2171 lo
1046 2117 1182 2173 Perioohe
1200 2118 1228 2171 di
1250 2117 1374 2186 lieplero
1393 2132 1407 2169 e
1425 2117 1453 2172 lu
1478 2118 1536 2173 het·

460 2222 519 2273 tera
536 2218 582 2274 del
602 2217 757 2273 Fuscarini.

386 2319 462 2374 Altus
479 2321 597 2375 eddium
613 2322 685 2375 dello
703 2322 826 2376 suddettu
846 2321 1008 2375 troduzioae
1020 2322 1123 2387 surmio
1142 2321 1166 2374 ts
1184 2322 1323 2388 repenti:

384 2420 517 2490 Dialogus
543 2423 580 2478 de
607 2422 765 2493 systemate
783 2422 896 2488 Mundi,
925 2426 1040 2477 anctore
1070 2420 1196 2476 Galilaeo
1226 2419 1348 2477 Galilaei
1379 2425 1434 2476 etc.
1466 2419 1533 2489 Lug-

454 2521 523 2576 duni
543 2524 622 2583 lost,
641 2522 741 2586 inito,
760 2522 921 2591 sumptibus
940 2520 981 2576 lo.
1001 2520 1121 2574 Antonii
1140 2519 1306 2588 Huguetau.

385 2618 514 2692 systema
532 2620 692 2677 Cosmicum
721 2621 839 2678 authore
868 2620 996 2677 Galilaeo
1016 2619 1135 2676 Galilaei
1155 2620 1270 2692 Lynceo
1296 2624 1349 2676 eto.
1381 2636 1420 2676 ex
1445 2619 1535 2675 italica

457 2719 552 2788 lingua
570 2719 658 2776 latino
676 2736 855 2778 conversum.
876 2721 1006 2777 Accessit
1025 2720 1180 2791 Appendix
1204 2721 1317 2790 gemina
1338 2724 1394 2776 etc.
1416 2718 1533 2775 Londini

455 2821 536 2887 moa,
558 2822 663 2877 in·8vo.
684 2821 795 2878 Prostat
811 2824 928 2879 voenale
940 2823 1014 2893 apud
1031 2820 1170 2878 Thomam
1183 2821 1276 2888 Dicas,
1298 2822 1350 2876 suh
1370 2822 1456 2906 signo
1473 2818 1535 2874 Gal·

458 2922 534 2977 linae
553 2925 582 2976 ei
601 2921 744 2979 Pullornm
767 2924 795 2978 iu
817 2923 987 2980 Coemiterio
1004 2922 1038 2978 D.
1059 2923 1148 2979 Pauli.

383 3020 502 3077 Galilaei
520 3019 640 3077 Galilaei
664 3021 781 3093 Lyncei,
800 3023 1019 3079 Academiarum
1033 3022 1155 3079 Pisanae
1179 3038 1212 3077 ac
1239 3021 1393 3078 Patavinae
1413 3020 1534 3078 Philoso-

458 3118 507 3192 phi
519 3136 553 3176 ac
565 3119 760 3178 Mathematici
779 3122 895 3189 summi,
916 3122 1048 3194 Systema
1064 3121 1226 3178 Cosmicum
1246 3122 1276 3176 in
1294 3138 1351 3193 quo
1366 3125 1422 3177 etc.
1436 3121 1532 3177 Acces-

459 3220 496 3276 sit
511 3220 600 3275 attera
616 3219 668 3275 hoo
678 3220 813 3287 editione,
829 3225 940 3291 praeter
953 3221 1180 3278 conciliationem
1196 3222 1321 3278 locorum
1334 3220 1364 3276 S.
1375 3220 1532 3294 Scripturas

457 3335 523 3375 cum
536 3317 642 3376 Terrae
657 3301 821 3387 mobilitate,
832 3321 1120 3394 ejusdem-Tractatus
1130 3323 1166 3378 de
1177 3323 1265 3389 hluto,
1276 3338 1352 3376 nunc
1365 3323 1489 3392 primum
1499 3338 1530 3377 er

456 3419 550 3475 italico
568 3436 701 3476 sermone
720 3422 749 3475 in
768 3421 888 3477 latinum
907 3437 1017 3477 versos.
1036 3421 1125 3490 Lugd.
1143 3419 1530 3491 Baiav.1iti⁰·17⁰0‚in·lto.

455 3521 539 3591 Apud
556 3521 737 3577 Frederioum
758 3520 884 3590 Haaring
902 3527 930 3578 et
949 3521 1087 3578 Davidem
1107 3521 1277 3577 Severinum
1297 3519 1479 3592 Bibliopolas.

387 3621 487 3677 Contio
505 3623 527 3677 il
545 3620 660 3692 Diuloyo
677 3621 854 3679 de'dlussimi
873 3622 982 3678 Sistemi
999 3638 1117 3679 ocuuem
1133 3623 1230 3690 fuori:

383 3720 579 3779 Dubitationes
597 3724 626 3778 in
647 3723 795 3793 dialogum
814 3722 933 3780 Galilaoi
953 3721 1072 3780 Galilaei
1092 3723 1201 3795 Lyncei
1220 3724 1249 3778 in
1263 3720 1422 3793 Gymnasio
1436 3722 1531 3777 Pisano

456 3822 646 3880 Mathematici
665 3824 907 3894 superordinari,
931 3829 1045 3879 auctore
1069 3822 1186 3879 Claudio
1205 3822 1361 3894 Berigmdo
1381 3822 1413 3878 in
1436 3821 1530 3880 eadem

456 3921 609 3980 Academia
627 3922 835 3995 philosophiam
854 3924 1023 3995 profitente:
1043 3925 1090 3979 uhi
1111 3928 1223 3979 notatur
1239 3923 1377 3994 Simplicii
1395 3924 1441 3978 vel
1458 3936 1532 3992 prae·

457 4022 590 4078 varicaiio
609 4023 654 4080 vel
678 4023 854 4093 simplicitas,
875 4023 949 4094 quod
971 4022 1078 4077 nullum
1098 4021 1200 4077 efficax
1221 4035 1372 4091 superesse
1392 4018 1531 4089 Peripate

456 4121 518 4177 licis
535 4126 732 4192 argumentum
752 4122 787 4177 ad
806 4122 912 4179 Terrae
930 4120 1155 4178 immobilitatem
1175 4119 1350 4190 probandam
1373 4124 1433 4176 tam
1457 4116 1532 4173 iuoile

454 4224 635 4280 concesserit.
653 4224 698 4279 Ad
718 4224 939 4281 Serenissimum
959 4222 1170 4280 Ferdioaudum
1186 4221 1214 4276 ll
1232 4221 1369 4290 Magnum
1385 4219 1531 4277 Hetruriae

455 4324 571 4380 Ducem.
590 4325 751 4382 Florentiae
771 4328 851 4393 16³2,
872 4326 971 4381 inito.
1309 4315 1350 4386 ὕ
1552 4303 1557 4324 ’

387 4425 486 4492 (luceto
506 4425 621 4481 Claudio
642 4425 791 4497 Beripurdo
811 4426 1018 4497 (Beauregsrd)
1039 4443 1087 4482 eru
1105 4427 1197 4482 actico
1215 4427 1245 4480 di
1263 4423 1387 4481 Moulias
1401 4427 1431 4480 is
1451 4421 1531 4478 ltus

455 4530 517 4580 riu:
535 4530 568 4595 iu
585 4530 676 4597 primu
696 4528 847 4599 Supreturiu
865 4546 914 4598 per
934 4531 958 4584 lc
976 4532 1065 4586 lettere
1084 4530 1204 4596 [runcari
1231 4528 1300 4582 doliu
1326 4526 1529 4583 Grunducheuu
