3759 5784
744 712 868 757 sannen
893 712 932 756 na
960 712 988 756 v.
1014 710 1143 756 viviani.
1445 694 1509 760 377

374 842 539 922 promouit,
560 858 599 903 ao
622 843 801 919 peometriee
824 841 1058 904 demonstrauit.
1089 838 1199 904 Tantis
1226 858 1334 905 rerum
1352 843 1510 906 bumana·

369 953 448 1021 'rum
472 960 552 1022 bano
573 959 721 1031 inuentis,
735 959 826 1040 [ama
842 957 1033 1021 celeberrimi
1057 957 1122 1020 l'iri
1144 959 1180 1019 in
1203 961 1423 1021 aeternitatem
1437 976 1511 1038 per·

377 1093 542 1150 mansura,
561 1076 735 1151 oblivionis,
760 1083 994 1156 temporumque
1018 1077 1137 1138 aletrino
1162 1076 1376 1156 triumphabit.

464 1192 533 1256 Hae
555 1201 768 1264 monumenta,
791 1191 889 1271 liujus
915 1191 1009 1256 Aedis
1038 1192 1191 1255 Dominus
1219 1201 1346 1271 pratum
1369 1194 1511 1258 animum

377 1331 450 1393 erpa
472 1313 620 1377 eaimiam
643 1314 802 1387 uirtutem,
824 1312 862 1374 ob
884 1322 1007 1385 anetus,
1029 1311 1215 1381 iliustratus.
1237 1314 1389 1392 perfectas
1414 1322 1510 1376 reatu·

376 1433 454 1497 rales
477 1430 643 1505 scientias,
667 1438 793 1495 tantum
817 1441 965 1494 testatum
988 1433 1022 1493 in
1045 1432 1174 1511 tuturos
1198 1440 1315 1494 aetates
1335 1431 1443 1495 soluit.

845 1675 888 1743 (Α
908 1674 1041 1744 sinistra)

544 1788 775 1854 attttaao
800 1787 985 1865 tabitam
1006 1790 1069 1853 DE
1096 1788 1342 1855 atatatats

381 1911 513 1975 Potritio
552 1909 760 1981 Florentino,
801 1907 1079 1973 serenissimorum
1120 1908 1274 1974 Etruriae
1320 1911 1509 1989 Mapnornm

380 2030 501 2094 Durum
521 2026 820 2092 FERDINANDI
842 2027 869 2102 Ι,
895 2025 1034 2091 00th
1052 2027 1142 2092 ttae
1160 2027 1453 2114 annotatam
1472 2028 1509 2091 ii

374 2151 526 2226 primario
544 2145 742 2229 Pbilosopba,
765 2165 803 2210 ae
828 2142 1067 2217 Mathematicus
1086 2146 1272 2211 Academico
1287 2165 1358 2210 nere
1374 2147 1508 2229 Lpneeo.

378 2264 601 2347 Geoprnpltiae,
615 2264 875 2347 Hidroprnpbiae‚
896 2265 1172 2347 Connoprapbine,
1191 2264 1398 2337 Meebanices
1420 2264 1509 2346 Piep-

376 2386 473 2459 sioes,
497 2384 666 2449 Astrornm
689 2382 871 2460 Soientiae,
894 2384 1068 2466 opitulante
1104 2382 1301 2457 Geometria,
1329 2385 1510 2465 felicissimo

341 2563 344 2569 .
377 2504 614 2578 instauratam
634 2505 739 2568 inanis
765 2503 853 2567 Artis
878 2501 1096 2567 Genethliarae
1116 2511 1267 2584 perpetua
1300 2505 1510 2567 insectaturi:

506 2677 786 2745 Nattsstatas
815 2677 957 2744 ΤΑΝΤΙ
984 2678 1078 2742 Vtttt
1101 2677 1373 2742 DISCIPULUS

467 2850 560 2930 ana
582 2856 619 2918 ob
642 2873 741 2919 aurea
766 2854 879 2923 Ciuilis.
898 2853 1027 2918 Moralis
1051 2864 1081 2915 et
1107 2853 1307 2917 Christianae
1327 2851 1510 2935 Sapientiae

373 2974 515 3044 nonulla:
536 2973 573 3035 ob
596 2972 771 3053 exemplum
794 2973 876 3035 ailae
900 2973 984 3035 uiam
1007 2974 1151 3035 ueritatis
1179 2973 1289 3051 elipere
1324 2974 1508 3044 curaverit,

372 3103 410 3151 ae
432 3105 490 3167 pro
511 3088 595 3151 uirili
614 3096 799 3170 prosecutus
834 3090 955 3168 luerit,
985 3090 1110 3168 judicio
1141 3088 1197 3151 Dei
1226 3108 1289 3151 non
1311 3092 1351 3152 sit
1375 3092 1511 3158 oblitus:

374 3206 528 3287 nonnulla
549 3224 590 3270 ea
612 3208 744 3288 infinitis
778 3206 892 3269 abditis
926 3224 1024 3281 vera,
1054 3226 1095 3270 ea
1126 3208 1286 3271 immensis
1316 3204 1509 3270 Geometrine

372 3326 528 3387 tbesonris
547 3325 778 3405 deprompserit.
795 3336 823 3387 et
840 3342 896 3404 per
918 3341 956 3386 ea
979 3326 1116 3388 nomines
1132 3326 1174 3387 aa
1190 3328 1290 3405 ipsam
1314 3324 1414 3387 Deum
1432 3342 1507 3405 pro·
1525 3365 1529 3372 -

369 3447 442 3526 pins
467 3443 610 3507 assedere
633 3446 774 3507 senserit.

465 3560 557 3635 Quali
572 3563 644 3626 bino
658 3564 820 3626 ueritatem
837 3576 864 3624 et
877 3564 1039 3641 justitiam
1062 3581 1127 3625 esse
1149 3563 1277 3643 sortiter
1298 3579 1507 3643 propupnan-

372 3682 444 3753 eluse
463 3681 673 3754 Mendacium,
689 3685 943 3758 assentationem,
966 3691 995 3744 et
1019 3684 1195 3763 bppoerisin
1219 3681 1314 3743 veluti
1335 3690 1433 3760 pestes
1453 3680 1506 3740 tle·

369 3801 559 3882 inplendum
582 3801 609 3862 Α
634 3804 724 3882 sepni
750 3804 813 3865 otio
846 3805 1046 3882 potissimum
1070 3801 1328 3872 abhorrendum:
1353 3800 1507 3880 Beneficia

371 3923 404 3981 in
438 3938 531 3995 aere,
565 3919 717 4001 maleficia
741 3922 775 3983 in
798 3898 869 3985 aire
897 3922 1088 3990 incidenda:
1123 3920 1328 3983 benemeritis
1350 3930 1506 4000 potantum

371 4039 437 4117 peri
457 4045 566 4116 potest,
588 4047 646 4100 nist
668 4046 761 4116 prato
783 4038 890 4101 saltem
906 4038 1014 4100 animo
1027 4036 1305 4117 satisfacientium
1331 4033 1506 4117 [inicuique

369 4156 522 4233 promissa
545 4154 685 4235 relipiose
708 4156 906 4228 exsolvendo,
930 4155 1097 4236 datamque
1118 4155 1206 4236 fidem
1230 4157 1351 4236 intepre
1373 4172 1505 4219 seruan-

370 4274 465 4344 damr
492 4272 628 4337 Honeste
658 4276 814 4356 aequisita
834 4292 892 4355 pro
913 4292 955 4350 se,
978 4278 1106 4355 suisque
1129 4277 1255 4338 noneste
1279 4273 1508 4355 impendenda:

371 4392 531 4457 Avaritiae
553 4392 666 4465 soraee,
691 4404 718 4456 et
743 4397 850 4473 turpia
873 4393 963 4457 lisera
981 4394 1165 4465 reimundo:
1184 4391 1274 4457 Nibil
1288 4394 1321 4455 in
1335 4394 1504 4474 perniciem

368 4512 489 4592 inprati
509 4514 609 4575 animi
630 4514 704 4575 sitio
728 4513 940 4576 laborantium
964 4505 1218 4583 stimulandum:
1237 4512 1395 4595 Reliqua,
1419 4514 1505 4575 omni

364 4629 454 4708 prins
477 4645 548 4692 aere
569 4628 672 4692 alieno
695 4630 851 4704 dissoluto,
871 4631 1016 4708 inpenuis
1036 4631 1151 4709 potius,
1171 4639 1199 4693 et
1218 4631 1290 4692 bene
1313 4628 1503 4691 merentibus

355 4748 448 4811 laeto
470 4749 578 4811 animo
601 4748 750 4822 dandum
773 4751 955 4829 perceperit.

491 4860 760 4918 aestimassem.
781 4863 859 4916 -Τ,
882 4865 944 4919 Xi'.
1309 4866 1311 4871 '
1352 4867 1385 4915 ts
