3759 5784
374 683 439 748 278
707 702 850 748 oisoonso
873 702 905 747 oi
929 702 1079 748 owsssooo
1104 701 1175 748 isno

531 831 615 895 Haec
640 834 723 898 inter
747 833 859 895 tumidi
882 833 943 897 iate
966 836 1063 896 moris
1090 881 1294 897 .......

374 1007 446 1068 sino
469 1025 488 1069 a

533 1230 835 1244 ..........
860 1180 1021 1263 Neptunia
1045 1184 1136 1247 coede
1160 1184 1339 1248 rubescunt.

370 1413 439 1479 oda
465 1416 504 1479 V.
525 1415 554 1479 S.
580 1416 612 1477 in
639 1416 702 1478 due
722 1417 840 1481 Stooze
865 1417 896 1479 ‹ii
922 1420 1090 1496 Torquato
1107 1415 1180 1501 (ohe
1197 1434 1278 1479 sono
1296 1416 1327 1479 io
1344 1420 1365 1481 1
1382 1433 1401 1478 e
1419 1417 1450 1479 ia
1473 1413 1512 1498 ὃ)

371 1532 566 1597 sonz’aioun
592 1534 670 1597 salio
695 1537 857 1615 odeguota
881 1536 912 1599 ia
939 1532 1064 1600 maesii
1088 1536 1295 1617 virgiliana:

529 1763 725 1828 D'iocontro
748 1762 763 1827 i
788 1783 830 1826 oo
857 1782 960 1833 moro,-
982 1785 997 1826 e
1022 1764 1053 1826 di
1076 1773 1192 1827 canuto
1213 1764 1304 1846 flutio
1327 1783 1371 1826 eo.

296 1988 299 1994 ’
370 1994 453 2059 dove
478 1997 681 2078 vaghissima
704 1998 958 2078 interposizione
974 1994 998 2059 o
1015 1997 1124 2076 quella
1148 1996 1200 2059 dei
1225 1999 1349 2062 Tasso:

526 2230 635 2306 Boeo,
660 2227 698 2294 ηὲ
719 2242 821 2313 punio
844 2251 941 2295 aooor
966 2232 994 2293 io
1017 2251 1125 2312 poooo
1149 2233 1299 2300 iochioa.

525 2348 609 2413 Eoco
630 2350 741 2431 squir
765 2351 795 2413 io
819 2352 957 2413 barbaro
980 2352 1079 2414 reioo.

460 2588 504 2649 Lo
532 2587 650 2651 Stanza
674 2590 694 2650 7
720 2588 781 2650 ohe
804 2588 1027 2653 incomincia:
1096 2610 1102 2623 ·

572 2820 654 2886 Nolle
679 2822 791 2886 loiebre
810 2823 864 2903 poi
887 2822 933 2884 dei
957 2820 1028 2885 Nilo
1050 2824 1168 2886 accolto
1191 2841 1233 2885 eo.

368 3055 524 3138 riguarda
548 3075 568 3119 a
590 3055 663 3136 quo'
678 3056 762 3118 versi
788 3055 820 3118 di
845 3055 986 3136 Virgilio
1009 3054 1056 3117 ivi
1082 3051 1137 3133 pio
1162 3055 1280 3117 basso:

525 3286 643 3350 contro
659 3295 766 3349 autem
782 3304 897 3366 moyoo
913 3294 1104 3348 moerentem
1120 3301 1246 3364 corpore
1262 3280 1383 3352 Nilum,

370 3544 431 3588 oon
456 3527 518 3588 due
543 3525 617 3587 altri
644 3526 740 3589 versi.

460 3761 506 3823 La
538 3760 790 3840 comparazione
825 3759 910 3823 delia
938 3760 1008 3823 viia
1040 3775 1162 3823 umona
1187 3774 1280 3837 presa
1303 3755 1357 3818 dai
1382 3756 1507 3824 Tasso.

372 3878 454 3939 nolio
488 3878 605 3941 Stanze
630 3878 671 3941 11
694 3895 713 3939 o
738 3878 799 3952 15,
823 3877 858 3942 iu
883 3877 1054 3956 primodo
1082 3875 1221 3957 Virgilio
1252 3890 1347 3955 presa
1371 3873 1404 3934 in
1430 3871 1505 3952 quei

369 4014 429 4060 suo
451 3997 677 4078 epigramma:

529 4230 585 4294 Ver
608 4239 686 4301 erat,
711 4241 738 4294 et
763 4232 875 4296 blondo
897 4231 1071 4295 mordentia
1091 4232 1217 4313 srioora
1240 4248 1337 4293 senso
1362 4238 1419 4292 eto.

368 4487 424 4533 ma
451 4468 536 4533 forse
559 4468 615 4548 qui
642 4465 696 4548 piii
721 4475 919 4552 vagamente
948 4469 1132 4550 dispiegato
1165 4466 1220 4530 dal
1256 4467 1358 4530 Tasso
1395 4480 1416 4525 a
1451 4461 1505 4526 obi

368 4584 467 4653 vorri
496 4605 593 4654 senza
621 4584 798 4654 animositi
832 4589 1024 4670 giudioarez
1048 4589 1072 4652 ii
1096 4588 1193 4668 quoio
1217 4586 1332 4650 finisoe
1356 4589 1504 4665 appunto

366 4710 514 4774 oo'vorsi
540 4710 572 4773 di
599 4710 740 4790 Virgilio
765 4711 797 4772 in
820 4710 895 4789 quei
922 4710 1041 4789 luogo:
