3759 5784
421 691 488 757 378
846 703 918 747 virs
945 704 972 746 ni
998 701 1132 746 antissio

514 832 605 910 Quod
625 835 796 916 praeceptis
822 831 1004 912 hujusmodi
1021 831 1167 910 inveniti,
1193 840 1259 893 tnm
1280 833 1419 910 primum
1441 846 1501 893 suo
1522 830 1555 890 in

420 957 569 1019 animoa
594 951 731 1026 Natura,
756 971 776 1015 a
801 948 1020 1025 Genitoribus,
1044 967 1063 1011 a
1088 947 1213 1012 Studiis
1237 957 1267 1011 et
1290 966 1310 1011 a
1338 948 1555 1028 Praeceptoris

420 1072 563 1136 doctrina
586 1070 756 1151 impressis,
779 1066 978 1131 suavissimis
997 1068 1199 1147 propriorum
1218 1063 1405 1147 Principum
1420 1066 1559 1146 imperiis

422 1189 611 1270 nutibusque
634 1204 664 1249 se
686 1186 778 1266 piane
801 1184 969 1258 devoverit,
989 1193 1083 1263 atque
1100 1183 1173 1245 irinc
1189 1183 1229 1245 ab
1244 1182 1389 1263 inpenita
1407 1178 1557 1244 Serenis-

422 1309 493 1372 simi
511 1303 804 1369 FERDINXNDI
819 1303 861 1368 11
875 1304 1067 1382 benipnitate
1085 1303 1179 1383 ptura
1194 1304 1255 1365 sibi
1271 1303 1367 1377 nitra,
1384 1303 1561 1385 praoiapue

420 1443 566 1500 munera,
587 1424 736 1487 maoimis
758 1441 831 1486 cum
855 1423 1026 1485 tenoribus
1045 1439 1083 1485 ac
1102 1419 1264 1501 stipendiis
1286 1422 1410 1500 [neunt
1434 1420 1560 1491 eoiiata,

422 1545 626 1624 certatimque
649 1560 670 1607 a
693 1539 902 1603 Serenisss‘mo
922 1536 1072 1603 COSMO
1087 1538 1149 1602 111
1161 1538 1405 1621 incomparabili
1423 1540 1560 1603 eiemen-

422 1664 465 1725 tia
484 1660 585 1723 deamo
609 1660 783 1740 impartita,
806 1660 839 1720 in
863 1658 978 1739 quibus
1002 1662 1028 1720 is
1053 1656 1261 1721 deditissimus
1278 1658 1374 1720 etiem
1386 1675 1444 1738 per
1460 1659 1560 1739 puia-

420 1778 576 1858 puapiata
598 1776 663 1856 [ere
686 1792 801 1848 annos,
823 1792 945 1855 semper
968 1782 1051 1838 totus
1074 1774 1195 1855 suerit,
1219 1775 1321 1856 iisque
1344 1772 1504 1856 (ueritate
1528 1785 1557 1836 et

415 1894 543 1972 justitia
565 1890 716 1976 ducibus)
739 1892 856 1956 euinsia
878 1892 1053 1968 sedulitate,
1074 1902 1104 1955 et
1126 1895 1284 1956 constanti
1306 1892 1364 1974 pide
1387 1894 1429 1957 ad
1451 1902 1557 1958 eoire-

422 2028 509 2073 mum
534 2026 631 2091 usqae
655 2010 859 2090 responderit.

506 2124 603 2203 Quod
613 2128 758 2210 denique,
770 2128 808 2191 ob
821 2128 894 2191 itaec
907 2130 1025 2201 omnia,
1039 2126 1256 2192 1111101161
1269 2126 1422 2195 MAGNI
1433 2128 1555 2197 datic-

421 2266 493 2311 rnm
512 2256 540 2310 et
559 2245 726 2311 Navarrae
745 2248 943 2311 invictissimi
971 2246 1064 2327 Repis
1093 2247 1371 2326 christianissimi,
1395 2259 1557 2333 tamquam

423 2363 571 2430 Numinis
594 2367 661 2442 sui,
677 2366 839 2453 judicium
862 2384 899 2429 aa
923 2368 1115 2433 uoluntatem
1136 2368 1343 2448 promeritus,
1365 2370 1557 2451 amplissima

423 2484 489 2565 ejus
513 2496 668 2565 aupustae
688 2486 883 2550 liberalitatis
902 2487 987 2550 dana
1003 2487 1177 2550 diutissime
1200 2489 1242 2551 sit
1266 2499 1463 2555 consecutus.
1590 2551 1592 2555 Α
1615 2554 1625 2559 -

673 2601 977 2670 SIMULACRUM
995 2602 1086 2668 Hoc
1110 2603 1312 2671 AENEUM

426 2723 641 2803 Praeceptoris
665 2726 714 2785 sui
735 2733 886 2805 perpetua
911 2727 1114 2789 ueneratione
1138 2720 1337 2806 dipnissimi,
1370 2746 1412 2791 em
1445 2727 1558 2793 Prato-

419 2841 572 2921 piasraate
595 2857 615 2903 a
638 2840 751 2904 ceieori
772 2838 937 2923 Scuiptore
962 2842 1084 2908 Ioanne
1108 2843 1257 2908 Caecinio
1279 2862 1386 2911 coram
1410 2844 1556 2910 Serenis-

422 2958 501 3018 simo
521 2953 673 3020 COSMO
689 2956 738 3033 11,
757 2975 844 3022 anna
861 2958 958 3033 1611,
971 2960 1012 3022 ad
1022 2963 1129 3023 riuum
1146 2960 1322 3042 efformata.
1339 2963 1494 3043 euipnum
1510 2967 1557 3026 uti

424 3073 590 3151 Minorem,
614 3090 642 3139 et
666 3079 750 3157 prati
765 3080 867 3141 animi
882 3082 1008 3159 pipuns,
1025 3083 1218 3163 inpennique
1236 3084 1354 3147 amoris
1371 3101 1557 3148 monumen·

424 3202 501 3267 tum,
525 3203 578 3269 tat,
603 3203 826 3278 tantorumque
850 3199 1066 3280 beneficiorum
1087 3198 1219 3264 Autaris
1242 3210 1405 3264 aeteruum
1428 3220 1557 3275 mernor,

648 3311 926 3380 Serenissimorum
950 3319 1127 3382 earumdem
1152 3319 1233 3383 MM.
1262 3319 1334 3383 DD.

758 3431 939 3497 Primarius
965 3435 1219 3512 Mathematicus,

667 3587 670 3591 -
750 3552 872 3615 Aetatis
896 3572 1057 3618 annorum
1082 3555 1231 3631 LXXII,

736 3668 874 3744 Annon
897 3672 991 3735 saiut.
1017 3672 1245 3747 MDCXCMI,

764 3789 790 3847 Α
820 3784 952 3852 Gaiiiaei
974 3802 1048 3853 ortu
1075 3789 1219 3863 CXXX,

841 3905 891 3970 Ae
915 3912 1045 3973 interitu
1070 3885 1145 3977 LM.

787 4027 916 4091 Primus
938 4029 1059 4110 puoiiee
1081 4035 1199 4111 posuit.

514 4258 774 4325 reomensis
800 4281 877 4344 prae
900 4264 971 4329 aiiis
1001 4264 1135 4330 Uritibus
1161 4266 1255 4331 1)Εο
1277 4270 1370 4334 nimis
1395 4288 1474 4335 cara

708 4379 841 4461 Euurpe
865 4393 958 4461 prata
982 4394 1010 4446 et
1033 4386 1283 4465 praeuiaounda.

430 4494 468 4560 Ut
490 4499 574 4561 enim
598 4515 662 4561 non
687 4487 897 4581 interruptam
927 4505 1120 4580 iilustrium,
1143 4505 1386 4588 diuinarumque
1417 4508 1560 4573 Virorum

426 4616 536 4679 seriem
566 4616 707 4690 videras
732 4619 835 4682 eadem
858 4638 957 4697 anno,
979 4640 1082 4685 mense
1107 4642 1144 4687 aa
1168 4624 1227 4700 die,
1251 4641 1313 4707 quo
1337 4624 1456 4689 Mundi
1481 4626 1560 4690 Coss·

427 4731 509 4793 ditas·
532 4732 678 4795 substulit
702 4736 889 4799 nobiliorum
909 4739 1038 4802 Artium
1055 4760 1132 4821 pene
1152 4740 1384 4821 deperditarum
1400 4742 1560 4814 Pistutae,
