3759 5784
426 669 491 735 380
641 687 713 731 vmn
737 685 768 730 os
792 684 926 731 enoiosa
950 683 1076 729 sanim
1102 684 1142 729 on
1168 684 1197 727 v.
1219 683 1346 729 virtum.
1376 732 1379 739 ,

516 816 688 899 Postquam
713 818 796 879 enim
820 816 855 878 de
879 833 987 878 rerum
1010 814 1124 878 obditis
1151 815 1230 876 ninii
1243 832 1302 895 pra
1317 814 1429 877 mentis
1446 816 1559 878 leuam-

425 955 485 1000 nae
506 944 599 1016 captu
623 954 686 999 non
710 936 934 1014 conspexisset,
959 944 993 997 ot
1018 934 1127 997 melius
1152 936 1185 995 in
1212 932 1392 997 Creatorem
1411 933 1559 996 animum

424 1054 616 1128 intenderet,
643 1052 706 1116 Dio
727 1056 948 1133 permittente,
977 1053 1075 1117 oculis
1111 1054 1260 1125 orlratus,
1285 1071 1340 1133 per
1360 1062 1556 1133 postremum

424 1175 506 1237 uitae
525 1173 779 1255 quinquennium
800 1168 933 1234 Diuinae
957 1170 1115 1233 Voluntati
1132 1172 1202 1250 pius
1221 1165 1457 1243 obsecundavit,
1477 1170 1560 1249 quod

423 1294 551 1372 fortiori
583 1293 692 1355 animo
722 1291 917 1372 praestitisse
951 1291 1155 1369 apnoscitar,
1188 1306 1250 1370 quo
1283 1288 1504 1351 amantissimo
1527 1307 1561 1349 eo

424 1429 517 1475 sensu
541 1412 576 1472 in
600 1429 680 1474 nooo
703 1428 824 1489 semper
847 1409 1015 1486 detependa
1037 1406 1143 1484 [uerat
1172 1404 1397 1501 usas3Lenta
1435 1405 1563 1469 tandem

425 1536 584 1608 correptus
606 1527 690 1606 selue
718 1524 1015 1609 (anomianorum
1044 1522 1188 1587 Virorum
1223 1524 1368 1587 instituto
1403 1524 1560 1597 uicisset,

425 1662 477 1708 aes
492 1644 668 1725 proprium,
693 1662 759 1707 non
782 1642 935 1718 alienum,
952 1643 986 1705 in
1000 1659 1155 1723 pauperes
1173 1642 1301 1716 occulte,
1317 1641 1478 1725 effuseque
1492 1660 1564 1705 ero-

425 1763 547 1844 pando,
571 1770 600 1825 et
623 1761 725 1825 inulto
747 1761 920 1841 sinpuloris
941 1761 1065 1841 pietatis
1090 1760 1233 1841 exempla
1255 1759 1418 1844 edidisset)
1444 1762 1562 1823 sensim

423 1883 582 1965 deficiens,
597 1881 701 1962 petitis
725 1880 848 1961 saepias
871 1880 1066 1943 salutaribus
1089 1877 1250 1943 Ecclesiae
1265 1879 1443 1960 praesidiis,
1459 1881 1562 1959 aspie

422 1999 584 2079 susceptis,
607 1996 777 2079 Pontificio
806 1994 925 2059 Urbani
955 1995 1036 2058 Vll!
1061 1995 1269 2059 benedictione
1293 1998 1446 2068 munitas,
1476 1999 1557 2078 opti·

422 2134 492 2181 mus
516 2116 733 2197 Plrilosopltus,
760 2118 905 2180 invocato
923 2118 1050 2196 saepius
1073 2115 1160 2189 lesu,
1184 2117 1391 2180 immortalem
1410 2117 1560 2197 spiritum

425 2234 570 2300 Creatori
580 2253 638 2299 suo
649 2235 782 2299 reddidit
789 2236 1258 2315 pacatissime,annoaCnristo
1270 2233 1561 2308 natadiDCXLH,

425 2356 472 2420 die
485 2329 580 2421 Mero.
601 2354 683 2418 VIII
698 2355 789 2431 Van,
807 2357 886 2419 nora
900 2363 1032 2436 quarta,
1046 2371 1147 2419 annos
1164 2373 1259 2435 opens
1278 2353 1459 2428 LXXVII,
1474 2372 1561 2417 men·

425 2491 471 2538 ses
488 2472 529 2547 Χ,
542 2473 605 2538 dies
623 2472 702 2549 XX,
715 2476 750 2537 in
767 2471 962 2538 Suburbano
975 2468 1231 2538 Martellinorum
1245 2471 1374 2537 Arcetri
1391 2471 1491 2549 liure,
1507 2474 1560 2536 ulii

422 2594 591 2674 plusquam
615 2594 747 2672 tripinta
772 2589 815 2678 (1)
839 2609 940 2654 annos
965 2591 1104 2655 scientiis
1125 2602 1304 2656 oaeaoerat.

520 2710 615 2774 Tanti
638 2711 700 2774 oiri
720 2719 894 2791 postremae
918 2709 1130 2773 invaletudini
1151 2711 1322 2775 adstarunt
1350 2710 1500 2784 assidue,
1533 2721 1561 2774 et

423 2839 595 2911 postremas
618 2846 707 2893 uoces
730 2847 895 2909 occepere,
921 2828 1037 2895 Ductor
1066 2829 1247 2894 Vincentius
1277 2830 1406 2906 Filius,
1428 2829 1561 2905 Nurus,

427 2945 640 3042 Praaimiores
653 2952 664 3019 ,’
686 2945 838 3012 Sacerdos
864 2947 1203 3030 paroecianorum
1239 2948 1295 3013 alii
1320 2949 1480 3030 simpulari
1508 2949 1563 3013 do-

430 3067 536 3131 ctrina
559 3073 589 3131 et
610 3066 724 3147 pietate
742 3076 936 3149 praestantes
959 3068 1001 3131 ad
1023 3069 1213 3149 eapiondam
1229 3070 1368 3133 animam
1386 3087 1407 3132 a
1425 3064 1562 3133 Galilaea

423 3185 615 3266 jampridem
641 3184 772 3261 delecti,
795 3185 918 3268 duoque
941 3185 1085 3267 Hospitis
1099 3187 1168 3267 jam
1184 3196 1212 3250 et
1229 3184 1313 3251 Socii
1329 3184 1469 3262 Mensae,
1486 3187 1562 3251 alter

428 3302 637 3384 annpetista
651 3301 862 3374 ,Torricellius
886 3306 1088 3369 acutissimus
1108 3302 1273 3369 Geometra
1291 3322 1349 3386 per
1370 3311 1560 3385 postremum

429 3422 606 3493 trimestres
628 3420 708 3485 alter
727 3439 783 3502 per
806 3422 953 3485 ultimum
978 3422 1154 3485 triennium
1174 3422 1360 3486 norissimus
1382 3419 1560 3504 Discipulus

431 3550 476 3604 ter
492 3539 580 3621 sella,
605 3536 870 3603 61111111οα
889 3537 1042 3603 Sereniss.
1064 3538 1368 3604 FERDINANDO
1381 3539 1424 3603 11
1437 3541 1559 3618 sollicite

429 3657 674 3733 commendatus,
693 3659 747 3739 aui
765 3659 967 3723 memoranda
983 3660 1057 3723 naec
1068 3662 1186 3740 posuit,
1211 3668 1245 3722 ut
1269 3678 1289 3725 a
1311 3677 1343 3724 se
1365 3662 1401 3723 in
1427 3659 1558 3724 Praece-

428 3784 515 3858 ptore
537 3786 711 3858 conspecta,
726 3778 774 3841 oel
787 3796 809 3842 a
824 3777 985 3860 Coponiis,
1003 3777 1132 3850 Amicis,
1152 3778 1309 3856 Famulis,
1328 3780 1434 3845 sedala
1451 3790 1479 3844 et
1497 3789 1559 3843 tute

430 3894 551 3968 ondita,
573 3894 742 3978 Nepotiane
765 3907 793 3960 et
817 3896 954 3962 Posteris
978 3899 1020 3962 ad
1045 3897 1243 3962 Caristionos
1269 3898 1471 3982 Pllilosoplas
1489 3900 1560 3965 edo-

430 4011 552 4089 cendos,
573 4010 703 4094 fideliter
724 4013 1075 4093 aperireteassentiente
1098 4023 1127 4076 et
1145 4013 1277 4093 iubente
1293 4015 1483 4096 praesertim
1502 4013 1560 4078 Se-

430 4130 594 4193 renissimo
618 4129 922 4195 FERDINANDO
958 4131 1103 4212 Principe
1137 4130 1290 4197 Etruriae
1321 4132 1559 4216 Primopenito,

431 4242 561 4310 Artium
572 4255 600 4309 et
613 4245 826 4313 scientiarum
838 4249 973 4327 Cultore,
984 4270 1019 4313 ac
1033 4247 1193 4315 Mecenate
1203 4252 1494 4333 munificentissimo
1507 4248 1557 4335 (2).

501 4481 537 4539 ll]
554 4478 610 4527 lma
627 4482 726 4530 dream.
1042 4488 1075 4545 (2)
1093 4486 1169 4535 Nora
1189 4488 1232 4539 13.

872 4674 1127 4708 .-ψ
