3759 5784
803 703 876 749 vtro
901 702 931 748 El
957 701 1091 748 aoclano

814 860 821 929 l
833 858 886 912 Pro
906 858 1074 923 simulacro)

495 990 752 1057 GALILAEUS
777 990 984 1055 tYNcEtlS
1007 996 1117 1056 aetatis
1142 1010 1303 1057 annornm
1329 989 1396 1054 HL

896 1108 998 1184 Quem

465 1228 572 1302 Astra,
596 1230 697 1302 Maro,
721 1250 757 1293 ac
785 1227 898 1293 Terras
924 1232 1118 1311 complexum
1145 1237 1243 1291 ruente
1257 1226 1424 1309 profunda

598 1345 747 1408 Credibile
772 1348 806 1407 in
829 1348 893 1409 solo
916 1364 1043 1407 cernere
1068 1356 1183 1408 cuncta
1215 1344 1289 1407 Deo.

847 1547 853 1613 l
865 1546 889 1598 A
909 1545 1026 1601 dextera
1038 1546 1045 1613 )

606 1658 862 1725 AETERNAE
886 1660 1136 1725 MEMORIAE
1167 1661 1271 1725 Vetto

464 1778 694 1845 Guarceno
719 1779 780 1843 DE
806 1778 1063 1855 asarthato,
1087 1780 1514 1855 Patriae,Etrurioe,1ta-

282 1901 285 1907 ’
374 1901 441 1974 liae,
461 1901 524 1963 imo
544 1897 693 1980 Europae
719 1902 811 1963 totius
835 1899 960 1964 delicio:
986 1899 1204 1981 Philosophiae
1220 1904 1413 1965 renascentis
1432 1902 1513 1980 saci:

378 2016 444 2094 Otii
467 2018 608 2082 ueritatis
619 2019 752 2099 propi-us
768 2020 938 2083 intuendae
957 2019 1110 2083 desiderio
1125 2020 1203 2084 adeo
1219 2021 1354 2096 enarsit,
1373 2030 1407 2083 ut
1429 2020 1516 2100 laone

265 2129 271 2143 '
374 2138 469 2212 ultro,
493 2145 560 2201 tum
584 2147 746 2215 ceterum,
769 2144 836 2200 tum
860 2140 1071 2201 recentiorum
1109 2137 1367 2221 Philosophorum
1401 2140 1516 2219 placito

372 2273 576 2338 proeresius,
605 2265 634 2320 et
656 2256 842 2337 posthabitis
877 2256 1075 2320 debilioribus
1110 2259 1326 2321 humanarum
1366 2258 1516 2321 mentium

375 2377 536 2455 capitatis.
573 2376 668 2439 unico
705 2372 901 2440 Geometriae
926 2375 941 2458 (
951 2396 1047 2459 quam
1071 2378 1112 2439 aa
1135 2377 1261 2441 Caelum
1285 2378 1430 2441 ueritatis
1458 2378 1517 2441 ou·

374 2515 438 2559 cem
460 2495 591 2559 aocohot
601 2495 617 2578 )
640 2477 762 2560 ancilia
784 2496 895 2577 fretus,
920 2497 1004 2559 aiom
1029 2496 1069 2558 aa
1093 2499 1259 2559 ceritatem
1283 2497 1399 2560 certius
1424 2495 1516 2559 inda·

369 2613 507 2691 pandam
530 2614 606 2675 alios
629 2616 758 2693 primus,
787 2613 912 2687 docuit,
946 2612 1135 2694 feliciterque
1169 2614 1309 2693 perepit,
1344 2613 1512 2675 comitante

374 2748 494 2812 semper
523 2749 582 2812 per
615 2742 680 2795 tam
713 2732 851 2796 arduum
880 2734 1098 2813 impietate:
1120 2736 1166 2796 lta
1190 2742 1226 2794 ut
1249 2750 1330 2813 qnae
1354 2731 1391 2793 de
1416 2728 1514 2795 Maris

336 2879 339 2888 ·
373 2857 483 2921 aestu,
506 2846 704 2929 Philoloique
726 2858 892 2929 systemate
927 2848 1094 2913 ecercencli
1122 2858 1247 2913 tontum
1271 2850 1393 2929 iopenii
1417 2867 1512 2913 causo

378 2964 394 3050 l
405 2966 489 3049 quod
507 2969 692 3048 praesertim
717 2966 860 3050 Epistola
893 2970 935 3033 aa
971 2969 1167 3035 christinam
1190 2968 1433 3050 Lothorinpiam
1463 2968 1515 3032 tle·

376 3092 531 3149 monstrnt
540 3084 557 3169 )
580 3088 812 3167 canopitaoerat
826 3087 1004 3168 ‚meliciani
1029 3088 1124 3151 libens
1148 3090 1257 3151 animo
1281 3088 1443 3152 litaverit:

467 3201 532 3279 Oui
554 3204 629 3267 dum
654 3202 782 3269 Patauii
805 3202 982 3270 Matheseos
1008 3206 1196 3269 Cathetiram
1230 3216 1424 3288 occuparet,
1461 3207 1515 3271 oio

374 3324 495 3397 audita,
519 3342 605 3388 anno
623 3323 720 3399 1609,
743 3324 837 3404 optici
860 3324 927 3386 toln
948 3324 1048 3402 soma,
1073 3325 1196 3404 iupenii
1218 3333 1247 3387 et
1271 3323 1443 3404 dioptricae
1468 3325 1514 3387 ni·

318 3474 322 3487 ·
376 3443 463 3506 ribus
486 3459 553 3506 rem
576 3451 750 3519 assecutus,
773 3443 979 3506 instrumenti
1001 3451 1198 3505 structuram
1232 3441 1379 3514 inuenit,
1413 3439 1515 3505 Seno·

377 3562 485 3644 tuique
515 3562 625 3626 Veneto
647 3563 773 3636 dicavit,
796 3582 889 3644 quem
913 3562 996 3625 docti
1026 3561 1090 3627 Viri
1108 3563 1218 3625 merito
1239 3558 1370 3624 Galilaei
1390 3562 1513 3625 nomine

377 3682 551 3758 donarunt,
574 3691 610 3746 ut
633 3684 689 3764 qui
709 3683 832 3765 primus
854 3684 1009 3747 inuenerit
1033 3683 1170 3764 inpenio,
1195 3701 1258 3746 non
1282 3699 1370 3746 casu.

467 3800 555 3867 Novo
578 3804 633 3866 hoc
654 3802 754 3880 [retus
778 3801 922 3876 ancilia,
945 3802 1038 3883 quasi
1065 3798 1164 3865 Terra
1186 3800 1253 3881 ejus
1278 3800 1406 3881 incenia
1439 3800 1513 3865 satis

380 3938 443 3984 non
466 3931 554 3995 esset,
577 3921 715 3987 Aethera
737 3921 875 3996 reclusit,
899 3940 1057 4003 novosque
1081 3921 1178 3985 veluti
1203 3917 1301 3983 Orhes
1321 3917 1513 4001 Philosophis

378 4048 406 4101 et
431 4037 627 4104 Astronomis
651 4041 787 4123 aperuit.

467 4157 508 4222 Iu
533 4158 627 4225 Erana
649 4169 790 4236 montes,
813 4160 931 4235 valles,
952 4159 1110 4242 planities,
1131 4159 1321 4241 periclitam
1346 4158 1414 4239 ejas
1439 4158 1513 4221 disci

379 4274 593 4342 Librationem
606 4297 617 4351 ,·

469 4392 510 4457 In
532 4392 614 4470 Sole,
630 4396 818 4461 nitidissimo
837 4397 914 4462 lucis
929 4397 1027 4478 sonte,
1053 4396 1198 4471 nubium,
1214 4415 1249 4459 ac
1269 4397 1440 4460 densorum
1461 4413 1508 4459 ea·

379 4512 511 4595 lipinum
536 4515 640 4577 instar
663 4526 821 4581 nascentes
856 4526 885 4579 et
915 4525 1113 4581 renascentes
1145 4515 1305 4586 maculas,
1330 4516 1399 4597 ejus
1433 4516 1506 4579 eirca

374 4632 540 4715 proprium
564 4642 731 4711 centrum,
753 4636 816 4717 lere
840 4645 1039 4699 menstruam
1063 4638 1103 4699 ab
1126 4654 1241 4699 occasu
1265 4636 1299 4696 in
1322 4644 1427 4699 ortum
1445 4649 1504 4696 oer-

380 4751 528 4831 tipinem.
553 4752 676 4832 primus
700 4753 924 4818 animaduertit
