3759 5784
740 694 865 739 sennan
891 695 929 738 nn
957 696 984 736 s.
1010 696 1138 741 vsvs-nnc.
1440 680 1504 745 379
1621 716 1624 726 ·

372 822 581 905 Sculpturae,
603 833 697 904 atoue
724 824 961 887 Arcisitecturae
985 826 1025 888 od
1047 789 1206 887 summum
1239 845 1337 907 usque
1371 846 1502 907 reparo·
1606 860 1608 862 .

372 952 478 1015 torem,
498 943 774 1024 perfectoremque.
802 944 975 1008 Patritium
999 954 1089 1007 tuum
1114 937 1395 1009 MICHAELEM
1424 945 1527 1022 nm

374 1056 539 1132 GELHM,
563 1059 664 1123 eodem
689 1061 755 1140 ipso
779 1078 876 1133 anno,
900 1078 1016 1135 mense,
1039 1061 1086 1124 die
1110 1079 1148 1124 ac
1170 1064 1394 1143 propemodum
1413 1068 1504 1141 horu,

371 1179 450 1240 hanc
474 1176 638 1240 dolendam
661 1177 781 1241 decoris
805 1179 852 1241 tui
872 1163 1036 1257 jacturam
1059 1182 1185 1259 ipsemet
1210 1179 1298 1244 Deus
1321 1184 1451 1262 refecit,
1473 1194 1502 1248 et

373 1304 406 1357 nt
440 1304 475 1358 tu
509 1295 611 1359 adhuc
632 1314 688 1376 pen
713 1313 795 1360 nova
818 1296 919 1361 lustra
939 1297 1039 1377 possis
1068 1297 1192 1361 Cinium
1227 1309 1356 1363 tuorum
1390 1303 1506 1366 virtuti

375 1412 452 1477 (lcii
474 1417 622 1477 universo
642 1415 797 1507 prodesse,
819 1416 915 1494 fastos
943 1426 1034 1491 tuos,
1060 1416 1188 1481 Patritii
1211 1420 1259 1481 tui
1284 1416 1504 1485 castino!

372 1541 445 1595 ortu
467 1536 574 1607 aucit,
597 1531 825 1615 Philosophiae,
852 1530 1068 1612 Geometriae,
1092 1532 1192 1617 atque'
1211 1532 1432 1601 Astronomiae
1458 1541 1505 1619 {-

372 1650 510 1713 licissimi
532 1650 777 1725 instauratoris,
804 1652 923 1727 Patris,
947 1652 1124 1733 Principis,
1150 1653 1259 1718 Ducis.

460 1767 522 1832 Hic
546 1774 630 1832 enim
652 1770 789 1833 coelestis
810 1770 903 1850 plane
927 1772 1048 1851 inpenii
1075 1771 1125 1834 Vir
1148 1770 1258 1855 (lonpe
1274 1790 1362 1837 secus
1378 1793 1415 1837 ac
1433 1774 1504 1838 Iin-

371 1890 533 1951 comiaslss
553 1886 691 1968 qnidam,
706 1886 886 1950 invidorum
902 1885 1193 1967 Antaponistarum
1212 1888 1283 1971 fidei
1298 1890 1378 1952 male
1395 1892 1503 1964 rsiaus,

370 2004 450 2084 salso
461 2001 715 2086 conscripserat)
727 2003 899 2083 imperante
916 2004 1033 2085 inclyto
1051 2001 1205 2086 ΟΟΕΜΟΙ
1216 2005 1246 2081 1,
1259 2006 1342 2069 Pisis
1361 2008 1504 2087 lepittlme

372 2122 513 2185 nascitur
536 2140 576 2185 ea
589 2131 679 2203 patre
703 2122 863 2185 Vincentio
878 2121 1041 2187 Michaelis
1058 2124 1187 2203 Anpelis
1210 2123 1342 2188 loannis
1358 2127 1395 2189 de
1415 2124 1505 2189 Gali-

371 2241 453 2315 laeis,
470 2240 609 2305 Patritio
626 2239 810 2304 Florentino
830 2238 899 2323 (qui
917 2241 954 2303 de
976 2251 1089 2319 vetere,
1104 2261 1141 2307 ac
1157 2244 1329 2307 recentiore
1352 2241 1381 2305 Τ
1379 2247 1504 2309 heericu

372 2359 505 2424 nessus
517 2359 709 2440 pereruditos
723 2358 870 2439 Dialopos
884 2359 1083 2445 conscripsit)
1096 2371 1126 2425 et
1138 2380 1178 2425 esc
1190 2363 1407 2427 honestissima
1419 2365 1505 2444 ejus·

370 2480 435 2543 dem
455 2477 718 2543 Vincentiiuaore
734 2480 860 2559 eprepia
874 2478 961 2543 Iulio
977 2478 1082 2545 Cosmi
1106 2480 1262 2545 Venturae
1287 2500 1303 2545 e
1326 2484 1503 2545 vetustissi-

369 2618 431 2674 ma,
448 2616 485 2662 oc
503 2598 751 2661 eminentissima
763 2597 951 2663 Pistoriensi
967 2597 1107 2663 Familia
1123 2600 1159 2662 de
1175 2597 1410 2676 Ammannatis,
1429 2610 1504 2664 tunc

370 2718 453 2781 Pisis
468 2734 540 2781 cam
551 2715 657 2780 eodem
672 2714 1193 2793 Vincentiocorsunorante,annoa
1207 2717 1505 2786 discernendos
1587 2720 1594 2737 ’

368 2838 448 2929 stplo
458 2835 657 2912 Florentino,
669 2854 773 2900 mense
787 2835 972 2914 Februarii,
987 2838 1037 2901 die
1055 2837 1173 2901 decima
1189 2847 1312 2913 octava,
1328 2846 1359 2902 et
1375 2839 1453 2904 hora
1464 2839 1505 2902 oh

368 2974 481 3021 occasu
503 2957 652 3037 uipesima
674 2958 796 3038 primur
813 2958 1009 3040 quiquidem
1032 2976 1152 3030 annus,
1176 2961 1304 3035 mensis,
1327 2959 1402 3034 dies,
1426 2962 1504 3025 hora

371 3088 474 3140 tamen
497 3077 645 3157 uipesima
669 3078 762 3141 tertio
786 3075 892 3140 itidem
913 3078 954 3141 ab
978 3096 1103 3150 occasu,
1129 3077 1213 3141 Pisis
1239 3074 1379 3144 Galitoeo
1399 3088 1505 3142 nostro

371 3194 498 3268 natalis,
514 3192 609 3256 eidem
625 3191 772 3257 Michaeli
792 3193 914 3274 Anpelo
939 3194 1135 3259 Bonarrotio
1159 3194 1277 3259 llomae
1294 3195 1412 3257 lethalis
1427 3195 1502 3276 snit,

369 3323 402 3374 ut
425 3315 485 3392 ipsi
507 3313 636 3392 lepimas
659 3314 691 3382 in
716 3311 888 3376 domesticis
913 3312 1151 3375 Commentariis
1182 3311 1339 3377 Leonosdi
1373 3312 1502 3375 Bonor-

369 3441 455 3495 rotoe
472 3430 632 3496 Michaelis
656 3429 775 3509 Acoeti,
791 3432 901 3510 {ratris
929 3431 986 3512 filii
1010 3433 1142 3513 propriu
1169 3449 1269 3494 manu
1296 3431 1503 3511 conscriptis:

369 3570 433 3614 non
455 3569 529 3615 aero
551 3550 598 3614 die
624 3551 675 3625 17,
698 3560 733 3613 ut
757 3568 776 3613 a
806 3550 936 3614 Vasario
960 3553 994 3613 in
1015 3551 1082 3631 spus
1106 3552 1173 3614 nita
1194 3556 1378 3614 enarratur.

456 3668 591 3751 Ercuspe
615 3688 687 3751 erpo
710 3680 814 3750 prata,
837 3680 865 3733 et
888 3669 1127 3749 psatnlalmnda
1150 3668 1325 3744 Florentia,
1350 3678 1381 3733 et
1403 3666 1502 3732 Sum-

368 3808 417 3852 mo
441 3786 603 3851 Conditori
624 3786 760 3851 illustres
785 3794 848 3852 toto
875 3784 957 3850 Orhe
987 3786 1076 3851 Ciues
1111 3786 1256 3862 donanti,
1279 3782 1502 3848 demississimo

367 3908 546 3985 pratiarnm
561 3907 692 3980 actione,
707 3906 857 3986 obsequio
880 3906 1024 3987 repende.
1043 3904 1115 3970 Non
1135 3902 1299 3985 defuturos
1317 3903 1402 3966 enim
1418 3919 1501 3965 scm-

367 4042 424 4104 pcr
447 4023 503 4086 tihi
524 4023 749 4095 nobilissimos,
774 4023 976 4105 insipnesque
998 4021 1099 4106 filios,
1122 4021 1260 4085 illustria
1283 4020 1419 4083 duormn
1449 4018 1502 4081 Vi·

369 4158 479 4205 rornm
500 4150 664 4205 aeternum
683 4156 847 4213 mansura,
870 4147 898 4202 et
922 4156 1043 4221 semper
1060 4140 1173 4218 sutura
1188 4136 1343 4219 foecunda
1360 4135 1501 4216 exempla

367 4262 566 4341 promittunt.

458 4376 522 4441 Sed
542 4381 635 4443 sicuti
657 4381 691 4441 in
717 4373 848 4441 Galilaei
872 4378 1109 4460 ortu,.ejusque
1131 4376 1292 4458 praeclare
1322 4384 1411 4455 pessa
1434 4373 1500 4436 cita

369 4502 478 4562 merito
501 4500 638 4570 laetaris,
662 4500 708 4560 ita
730 4500 764 4560 iu
788 4498 854 4578 ipso
878 4497 1016 4576 ejusdem
1040 4496 1271 4575 relipiosissimo
1294 4496 1404 4569 ohitu,
1430 4493 1500 4574 pie-

370 4620 441 4681 tatis
459 4617 655 4682 Christianae
676 4590 850 4696 exemplum
876 4614 1003 4678 Civibus
1020 4622 1255 4689 monstratura,
1272 4632 1351 4693 pone
1371 4612 1500 4681 luctum,

369 4738 431 4800 imo
455 4737 572 4800 oculta.
